ms,clock,threadId,clockAtArrival,sequenceNo,source,StockID,exchange,time,cum_volume,cum_amount,close,__origTickSeq,bid1p,bid2p,bid3p,bid4p,bid5p,bid1q,bid2q,bid3q,bid4q,bid5q,ask1p,ask2p,ask3p,ask4p,ask5p,ask1q,ask2q,ask3q,ask4q,ask5q,openPrice,numTrades
08:24:47.847788,1587601487848668,23994,1587601487845550,759,24,2290,SZ,08:24:03.000,0,0.0,0.0,0,0.0,0.0,0.0,0.0,0.0,0,0,0,0,0,0.0,0.0,0.0,0.0,0.0,0,0,0,0,0,0.0,0
08:24:47.847788,1587601487848835,23994,1587601487845574,782,24,2385,SZ,08:24:03.000,0,0.0,0.0,0,0.0,0.0,0.0,0.0,0.0,0,0,0,0,0,0.0,0.0,0.0,0.0,0.0,0,0,0,0,0,0.0,0
08:25:47.846788,1587601547848088,23994,1587601547846078,2924,24,2290,SZ,08:25:03.000,0,0.0,0.0,0,0.0,0.0,0.0,0.0,0.0,0,0,0,0,0,0.0,0.0,0.0,0.0,0.0,0,0,0,0,0,0.0,0
08:25:47.848788,1587601547849266,23994,1587601547846635,3091,24,2385,SZ,08:25:03.000,0,0.0,0.0,0,0.0,0.0,0.0,0.0,0.0,0,0,0,0,0,0.0,0.0,0.0,0.0,0.0,0,0,0,0,0,0.0,0
08:26:47.848788,1587601607849554,23994,1587601607846765,5090,24,2290,SZ,08:26:03.000,0,0.0,0.0,0,0.0,0.0,0.0,0.0,0.0,0,0,0,0,0,0.0,0.0,0.0,0.0,0.0,0,0,0,0,0,0.0,0
08:26:47.850788,1587601607851066,23994,1587601607847387,5305,24,2385,SZ,08:26:03.000,0,0.0,0.0,0,0.0,0.0,0.0,0.0,0.0,0,0,0,0,0,0.0,0.0,0.0,0.0,0.0,0,0,0,0,0,0.0,0
08:27:47.850787,1587601667850946,23994,1587601667847714,7420,24,2290,SZ,08:27:03.000,0,0.0,0.0,0,0.0,0.0,0.0,0.0,0.0,0,0,0,0,0,0.0,0.0,0.0,0.0,0.0,0,0,0,0,0,0.0,0
08:27:47.850787,1587601667851102,23994,1587601667847727,7443,24,2385,SZ,08:27:03.000,0,0.0,0.0,0,0.0,0.0,0.0,0.0,0.0,0,0,0,0,0,0.0,0.0,0.0,0.0,0.0,0,0,0,0,0,0.0,0
08:28:47.849787,1587601727850911,23994,1587601727848168,9512,24,2290,SZ,08:28:03.000,0,0.0,0.0,0,0.0,0.0,0.0,0.0,0.0,0,0,0,0,0,0.0,0.0,0.0,0.0,0.0,0,0,0,0,0,0.0,0
08:28:47.851787,1587601727852077,23994,1587601727848656,9679,24,2385,SZ,08:28:03.000,0,0.0,0.0,0,0.0,0.0,0.0,0.0,0.0,0,0,0,0,0,0.0,0.0,0.0,0.0,0.0,0,0,0,0,0,0.0,0
08:29:47.850787,1587601787851490,23994,1587601787849109,11786,24,2290,SZ,08:29:03.000,0,0.0,0.0,0,0.0,0.0,0.0,0.0,0.0,0,0,0,0,0,0.0,0.0,0.0,0.0,0.0,0,0,0,0,0,0.0,0
08:29:47.850787,1587601787851654,23994,1587601787849120,11809,24,2385,SZ,08:29:03.000,0,0.0,0.0,0,0.0,0.0,0.0,0.0,0.0,0,0,0,0,0,0.0,0.0,0.0,0.0,0.0,0,0,0,0,0,0.0,0
08:30:47.851787,1587601847852642,23994,1587601847850470,13938,24,2290,SZ,08:30:03.000,0,0.0,0.0,0,0.0,0.0,0.0,0.0,0.0,0,0,0,0,0,0.0,0.0,0.0,0.0,0.0,0,0,0,0,0,0.0,0
08:30:47.851787,1587601847853138,23994,1587601847850737,14009,24,2385,SZ,08:30:03.000,0,0.0,0.0,0,0.0,0.0,0.0,0.0,0.0,0,0,0,0,0,0.0,0.0,0.0,0.0,0.0,0,0,0,0,0,0.0,0
08:31:47.851786,1587601907852353,23994,1587601907850165,16088,24,2290,SZ,08:31:03.000,0,0.0,0.0,0,0.0,0.0,0.0,0.0,0.0,0,0,0,0,0,0.0,0.0,0.0,0.0,0.0,0,0,0,0,0,0.0,0
08:31:47.852786,1587601907853530,23994,1587601907850681,16255,24,2385,SZ,08:31:03.000,0,0.0,0.0,0,0.0,0.0,0.0,0.0,0.0,0,0,0,0,0,0.0,0.0,0.0,0.0,0.0,0,0,0,0,0,0.0,0
08:32:47.854786,1587601967855218,23994,1587601967852007,18394,24,2290,SZ,08:32:03.000,0,0.0,0.0,0,0.0,0.0,0.0,0.0,0.0,0,0,0,0,0,0.0,0.0,0.0,0.0,0.0,0,0,0,0,0,0.0,0
08:32:47.854786,1587601967855380,23994,1587601967852021,18417,24,2385,SZ,08:32:03.000,0,0.0,0.0,0,0.0,0.0,0.0,0.0,0.0,0,0,0,0,0,0.0,0.0,0.0,0.0,0.0,0,0,0,0,0,0.0,0
08:33:47.852786,1587602027853930,23994,1587602027851469,20447,24,2290,SZ,08:33:03.000,0,0.0,0.0,0,0.0,0.0,0.0,0.0,0.0,0,0,0,0,0,0.0,0.0,0.0,0.0,0.0,0,0,0,0,0,0.0,0
08:33:47.862786,1587602027863285,23994,1587602027863084,20647,24,2385,SZ,08:33:03.000,0,0.0,0.0,0,0.0,0.0,0.0,0.0,0.0,0,0,0,0,0,0.0,0.0,0.0,0.0,0.0,0,0,0,0,0,0.0,0
08:34:47.853785,1587602087854905,23994,1587602087852455,22749,24,2290,SZ,08:34:03.000,0,0.0,0.0,0,0.0,0.0,0.0,0.0,0.0,0,0,0,0,0,0.0,0.0,0.0,0.0,0.0,0,0,0,0,0,0.0,0
08:34:47.853785,1587602087855070,23994,1587602087852468,22772,24,2385,SZ,08:34:03.000,0,0.0,0.0,0,0.0,0.0,0.0,0.0,0.0,0,0,0,0,0,0.0,0.0,0.0,0.0,0.0,0,0,0,0,0,0.0,0
08:35:47.853785,1587602147854742,23994,1587602147852668,24830,24,2290,SZ,08:35:03.000,0,0.0,0.0,0,0.0,0.0,0.0,0.0,0.0,0,0,0,0,0,0.0,0.0,0.0,0.0,0.0,0,0,0,0,0,0.0,0
08:35:47.854785,1587602147855882,23994,1587602147853190,24992,24,2385,SZ,08:35:03.000,0,0.0,0.0,0,0.0,0.0,0.0,0.0,0.0,0,0,0,0,0,0.0,0.0,0.0,0.0,0.0,0,0,0,0,0,0.0,0
08:36:47.853785,1587602207854925,23994,1587602207853337,26967,24,2290,SZ,08:36:03.000,0,0.0,0.0,0,0.0,0.0,0.0,0.0,0.0,0,0,0,0,0,0.0,0.0,0.0,0.0,0.0,0,0,0,0,0,0.0,0
08:36:47.854785,1587602207856102,23994,1587602207853848,27134,24,2385,SZ,08:36:03.000,0,0.0,0.0,0,0.0,0.0,0.0,0.0,0.0,0,0,0,0,0,0.0,0.0,0.0,0.0,0.0,0,0,0,0,0,0.0,0
08:37:47.855785,1587602267856782,23994,1587602267854202,29203,24,2290,SZ,08:37:03.000,0,0.0,0.0,0,0.0,0.0,0.0,0.0,0.0,0,0,0,0,0,0.0,0.0,0.0,0.0,0.0,0,0,0,0,0,0.0,0
08:37:47.856785,1587602267857725,23994,1587602267854667,29338,24,2385,SZ,08:37:03.000,0,0.0,0.0,0,0.0,0.0,0.0,0.0,0.0,0,0,0,0,0,0.0,0.0,0.0,0.0,0.0,0,0,0,0,0,0.0,0
08:38:47.856784,1587602327857403,23994,1587602327855248,31475,24,2290,SZ,08:38:03.000,0,0.0,0.0,0,0.0,0.0,0.0,0.0,0.0,0,0,0,0,0,0.0,0.0,0.0,0.0,0.0,0,0,0,0,0,0.0,0
08:38:47.856784,1587602327857560,23994,1587602327855258,31498,24,2385,SZ,08:38:03.000,0,0.0,0.0,0,0.0,0.0,0.0,0.0,0.0,0,0,0,0,0,0.0,0.0,0.0,0.0,0.0,0,0,0,0,0,0.0,0
08:39:47.858784,1587602387859262,23994,1587602387856210,33730,24,2290,SZ,08:39:03.000,0,0.0,0.0,0,0.0,0.0,0.0,0.0,0.0,0,0,0,0,0,0.0,0.0,0.0,0.0,0.0,0,0,0,0,0,0.0,0
08:39:47.858784,1587602387860092,23994,1587602387856995,33849,24,2385,SZ,08:39:03.000,0,0.0,0.0,0,0.0,0.0,0.0,0.0,0.0,0,0,0,0,0,0.0,0.0,0.0,0.0,0.0,0,0,0,0,0,0.0,0
08:40:47.859784,1587602447860198,23994,1587602447856846,35976,24,2290,SZ,08:40:03.000,0,0.0,0.0,0,0.0,0.0,0.0,0.0,0.0,0,0,0,0,0,0.0,0.0,0.0,0.0,0.0,0,0,0,0,0,0.0,0
08:40:47.859784,1587602447860689,23994,1587602447857402,36047,24,2385,SZ,08:40:03.000,0,0.0,0.0,0,0.0,0.0,0.0,0.0,0.0,0,0,0,0,0,0.0,0.0,0.0,0.0,0.0,0,0,0,0,0,0.0,0
08:41:47.859784,1587602507860210,23994,1587602507857175,38007,24,2290,SZ,08:41:03.000,0,0.0,0.0,0,0.0,0.0,0.0,0.0,0.0,0,0,0,0,0,0.0,0.0,0.0,0.0,0.0,0,0,0,0,0,0.0,0
08:41:47.860784,1587602507861428,23994,1587602507857758,38174,24,2385,SZ,08:41:03.000,0,0.0,0.0,0,0.0,0.0,0.0,0.0,0.0,0,0,0,0,0,0.0,0.0,0.0,0.0,0.0,0,0,0,0,0,0.0,0
08:42:47.859783,1587602567860578,23994,1587602567857979,40249,24,2290,SZ,08:42:03.000,0,0.0,0.0,0,0.0,0.0,0.0,0.0,0.0,0,0,0,0,0,0.0,0.0,0.0,0.0,0.0,0,0,0,0,0,0.0,0
08:42:47.859783,1587602567860736,23994,1587602567857995,40272,24,2385,SZ,08:42:03.000,0,0.0,0.0,0,0.0,0.0,0.0,0.0,0.0,0,0,0,0,0,0.0,0.0,0.0,0.0,0.0,0,0,0,0,0,0.0,0
08:43:47.860783,1587602627861360,23994,1587602627858759,42434,24,2290,SZ,08:43:03.000,0,0.0,0.0,0,0.0,0.0,0.0,0.0,0.0,0,0,0,0,0,0.0,0.0,0.0,0.0,0.0,0,0,0,0,0,0.0,0
08:43:47.860783,1587602627861522,23994,1587602627858776,42457,24,2385,SZ,08:43:03.000,0,0.0,0.0,0,0.0,0.0,0.0,0.0,0.0,0,0,0,0,0,0.0,0.0,0.0,0.0,0.0,0,0,0,0,0,0.0,0
08:44:47.861783,1587602687863008,23994,1587602687859595,44746,24,2290,SZ,08:44:03.000,0,0.0,0.0,0,0.0,0.0,0.0,0.0,0.0,0,0,0,0,0,0.0,0.0,0.0,0.0,0.0,0,0,0,0,0,0.0,0
08:44:47.862783,1587602687863178,23994,1587602687859610,44769,24,2385,SZ,08:44:03.000,0,0.0,0.0,0,0.0,0.0,0.0,0.0,0.0,0,0,0,0,0,0.0,0.0,0.0,0.0,0.0,0,0,0,0,0,0.0,0
08:45:47.862782,1587602747863221,23994,1587602747860166,46875,24,2290,SZ,08:45:03.000,0,0.0,0.0,0,0.0,0.0,0.0,0.0,0.0,0,0,0,0,0,0.0,0.0,0.0,0.0,0.0,0,0,0,0,0,0.0,0
08:45:47.862782,1587602747863378,23994,1587602747860185,46898,24,2385,SZ,08:45:03.000,0,0.0,0.0,0,0.0,0.0,0.0,0.0,0.0,0,0,0,0,0,0.0,0.0,0.0,0.0,0.0,0,0,0,0,0,0.0,0
08:46:47.861782,1587602807862706,23994,1587602807860682,48905,24,2290,SZ,08:46:03.000,0,0.0,0.0,0,0.0,0.0,0.0,0.0,0.0,0,0,0,0,0,0.0,0.0,0.0,0.0,0.0,0,0,0,0,0,0.0,0
08:46:47.862782,1587602807863704,23994,1587602807861152,49030,24,2385,SZ,08:46:03.000,0,0.0,0.0,0,0.0,0.0,0.0,0.0,0.0,0,0,0,0,0,0.0,0.0,0.0,0.0,0.0,0,0,0,0,0,0.0,0
08:47:47.863782,1587602867863955,23994,1587602867861417,51176,24,2290,SZ,08:47:03.000,0,0.0,0.0,0,0.0,0.0,0.0,0.0,0.0,0,0,0,0,0,0.0,0.0,0.0,0.0,0.0,0,0,0,0,0,0.0,0
08:47:47.863782,1587602867864814,23994,1587602867861724,51285,24,2385,SZ,08:47:03.000,0,0.0,0.0,0,0.0,0.0,0.0,0.0,0.0,0,0,0,0,0,0.0,0.0,0.0,0.0,0.0,0,0,0,0,0,0.0,0
08:48:47.863782,1587602927864687,23994,1587602927862233,53335,24,2290,SZ,08:48:03.000,0,0.0,0.0,0,0.0,0.0,0.0,0.0,0.0,0,0,0,0,0,0.0,0.0,0.0,0.0,0.0,0,0,0,0,0,0.0,0
08:48:47.864782,1587602927865557,23994,1587602927862603,53453,24,2385,SZ,08:48:03.000,0,0.0,0.0,0,0.0,0.0,0.0,0.0,0.0,0,0,0,0,0,0.0,0.0,0.0,0.0,0.0,0,0,0,0,0,0.0,0
08:49:47.863781,1587602987864826,23994,1587602987862413,55512,24,2290,SZ,08:49:03.000,0,0.0,0.0,0,0.0,0.0,0.0,0.0,0.0,0,0,0,0,0,0.0,0.0,0.0,0.0,0.0,0,0,0,0,0,0.0,0
08:49:47.865781,1587602987866020,23994,1587602987862923,55679,24,2385,SZ,08:49:03.000,0,0.0,0.0,0,0.0,0.0,0.0,0.0,0.0,0,0,0,0,0,0.0,0.0,0.0,0.0,0.0,0,0,0,0,0,0.0,0
08:50:47.864781,1587603047865638,23994,1587603047863123,57711,24,2290,SZ,08:50:03.000,0,0.0,0.0,0,0.0,0.0,0.0,0.0,0.0,0,0,0,0,0,0.0,0.0,0.0,0.0,0.0,0,0,0,0,0,0.0,0
08:50:47.865781,1587603047866834,23994,1587603047863620,57878,24,2385,SZ,08:50:03.000,0,0.0,0.0,0,0.0,0.0,0.0,0.0,0.0,0,0,0,0,0,0.0,0.0,0.0,0.0,0.0,0,0,0,0,0,0.0,0
08:51:47.865781,1587603107866740,23994,1587603107864221,59971,24,2290,SZ,08:51:03.000,0,0.0,0.0,0,0.0,0.0,0.0,0.0,0.0,0,0,0,0,0,0.0,0.0,0.0,0.0,0.0,0,0,0,0,0,0.0,0
08:51:47.865781,1587603107866909,23994,1587603107864232,59994,24,2385,SZ,08:51:03.000,0,0.0,0.0,0,0.0,0.0,0.0,0.0,0.0,0,0,0,0,0,0.0,0.0,0.0,0.0,0.0,0,0,0,0,0,0.0,0
08:52:47.865781,1587603167866509,23994,1587603167864659,62050,24,2290,SZ,08:52:03.000,0,0.0,0.0,0,0.0,0.0,0.0,0.0,0.0,0,0,0,0,0,0.0,0.0,0.0,0.0,0.0,0,0,0,0,0,0.0,0
08:52:47.867781,1587603167868453,23994,1587603167865430,62295,24,2385,SZ,08:52:03.000,0,0.0,0.0,0,0.0,0.0,0.0,0.0,0.0,0,0,0,0,0,0.0,0.0,0.0,0.0,0.0,0,0,0,0,0,0.0,0
08:53:47.869780,1587603227870638,23994,1587603227865831,64436,24,2290,SZ,08:53:03.000,0,0.0,0.0,0,0.0,0.0,0.0,0.0,0.0,0,0,0,0,0,0.0,0.0,0.0,0.0,0.0,0,0,0,0,0,0.0,0
08:53:47.869780,1587603227870811,23994,1587603227865972,64459,24,2385,SZ,08:53:03.000,0,0.0,0.0,0,0.0,0.0,0.0,0.0,0.0,0,0,0,0,0,0.0,0.0,0.0,0.0,0.0,0,0,0,0,0,0.0,0
08:54:47.868780,1587603287869517,23994,1587603287866278,66590,24,2290,SZ,08:54:03.000,0,0.0,0.0,0,0.0,0.0,0.0,0.0,0.0,0,0,0,0,0,0.0,0.0,0.0,0.0,0.0,0,0,0,0,0,0.0,0
08:54:47.868780,1587603287869710,23994,1587603287866296,66613,24,2385,SZ,08:54:03.000,0,0.0,0.0,0,0.0,0.0,0.0,0.0,0.0,0,0,0,0,0,0.0,0.0,0.0,0.0,0.0,0,0,0,0,0,0.0,0
08:55:47.869780,1587603347870053,23994,1587603347867026,68787,24,2290,SZ,08:55:03.000,0,0.0,0.0,0,0.0,0.0,0.0,0.0,0.0,0,0,0,0,0,0.0,0.0,0.0,0.0,0.0,0,0,0,0,0,0.0,0
08:55:47.869780,1587603347870219,23994,1587603347867042,68810,24,2385,SZ,08:55:03.000,0,0.0,0.0,0,0.0,0.0,0.0,0.0,0.0,0,0,0,0,0,0.0,0.0,0.0,0.0,0.0,0,0,0,0,0,0.0,0
08:56:47.878779,1587603407879405,23994,1587603407879178,71089,24,2290,SZ,08:56:03.000,0,0.0,0.0,0,0.0,0.0,0.0,0.0,0.0,0,0,0,0,0,0.0,0.0,0.0,0.0,0.0,0,0,0,0,0,0.0,0
08:56:47.878779,1587603407879632,23994,1587603407879191,71112,24,2385,SZ,08:56:03.000,0,0.0,0.0,0,0.0,0.0,0.0,0.0,0.0,0,0,0,0,0,0.0,0.0,0.0,0.0,0.0,0,0,0,0,0,0.0,0
08:57:47.871779,1587603467872409,23994,1587603467868571,73152,24,2290,SZ,08:57:03.000,0,0.0,0.0,0,0.0,0.0,0.0,0.0,0.0,0,0,0,0,0,0.0,0.0,0.0,0.0,0.0,0,0,0,0,0,0.0,0
08:57:47.871779,1587603467872570,23994,1587603467868584,73175,24,2385,SZ,08:57:03.000,0,0.0,0.0,0,0.0,0.0,0.0,0.0,0.0,0,0,0,0,0,0.0,0.0,0.0,0.0,0.0,0,0,0,0,0,0.0,0
08:58:47.870779,1587603527871303,23994,1587603527869073,75262,24,2290,SZ,08:58:03.000,0,0.0,0.0,0,0.0,0.0,0.0,0.0,0.0,0,0,0,0,0,0.0,0.0,0.0,0.0,0.0,0,0,0,0,0,0.0,0
08:58:47.871779,1587603527872397,23994,1587603527869642,75416,24,2385,SZ,08:58:03.000,0,0.0,0.0,0,0.0,0.0,0.0,0.0,0.0,0,0,0,0,0,0.0,0.0,0.0,0.0,0.0,0,0,0,0,0,0.0,0
08:59:47.871779,1587603587872719,23994,1587603587869614,77506,24,2290,SZ,08:59:03.000,0,0.0,0.0,0,0.0,0.0,0.0,0.0,0.0,0,0,0,0,0,0.0,0.0,0.0,0.0,0.0,0,0,0,0,0,0.0,0
08:59:47.872779,1587603587873882,23994,1587603587870211,77669,24,2385,SZ,08:59:03.000,0,0.0,0.0,0,0.0,0.0,0.0,0.0,0.0,0,0,0,0,0,0.0,0.0,0.0,0.0,0.0,0,0,0,0,0,0.0,0
09:00:47.871778,1587603647872283,23994,1587603647870087,79593,24,2290,SZ,09:00:03.000,0,0.0,0.0,0,0.0,0.0,0.0,0.0,0.0,0,0,0,0,0,0.0,0.0,0.0,0.0,0.0,0,0,0,0,0,0.0,0
09:00:47.872778,1587603647873417,23994,1587603647870559,79753,24,2385,SZ,09:00:03.000,0,0.0,0.0,0,0.0,0.0,0.0,0.0,0.0,0,0,0,0,0,0.0,0.0,0.0,0.0,0.0,0,0,0,0,0,0.0,0
09:01:47.872778,1587603707873834,23994,1587603707871029,81911,24,2290,SZ,09:01:03.000,0,0.0,0.0,0,0.0,0.0,0.0,0.0,0.0,0,0,0,0,0,0.0,0.0,0.0,0.0,0.0,0,0,0,0,0,0.0,0
09:01:47.873778,1587603707873995,23994,1587603707871044,81934,24,2385,SZ,09:01:03.000,0,0.0,0.0,0,0.0,0.0,0.0,0.0,0.0,0,0,0,0,0,0.0,0.0,0.0,0.0,0.0,0,0,0,0,0,0.0,0
09:02:47.872778,1587603767873515,23994,1587603767871417,84000,24,2290,SZ,09:02:03.000,0,0.0,0.0,0,0.0,0.0,0.0,0.0,0.0,0,0,0,0,0,0.0,0.0,0.0,0.0,0.0,0,0,0,0,0,0.0,0
09:02:47.873778,1587603767874718,23994,1587603767871946,84158,24,2385,SZ,09:02:03.000,0,0.0,0.0,0,0.0,0.0,0.0,0.0,0.0,0,0,0,0,0,0.0,0.0,0.0,0.0,0.0,0,0,0,0,0,0.0,0
09:03:47.874778,1587603827875747,23994,1587603827872491,86302,24,2290,SZ,09:03:03.000,0,0.0,0.0,0,0.0,0.0,0.0,0.0,0.0,0,0,0,0,0,0.0,0.0,0.0,0.0,0.0,0,0,0,0,0,0.0,0
09:03:47.874778,1587603827875903,23994,1587603827872511,86325,24,2385,SZ,09:03:03.000,0,0.0,0.0,0,0.0,0.0,0.0,0.0,0.0,0,0,0,0,0,0.0,0.0,0.0,0.0,0.0,0,0,0,0,0,0.0,0
09:04:47.874777,1587603887875135,23994,1587603887873217,88413,24,2290,SZ,09:04:03.000,0,0.0,0.0,0,0.0,0.0,0.0,0.0,0.0,0,0,0,0,0,0.0,0.0,0.0,0.0,0.0,0,0,0,0,0,0.0,0
09:04:47.874777,1587603887875304,23994,1587603887873235,88436,24,2385,SZ,09:04:03.000,0,0.0,0.0,0,0.0,0.0,0.0,0.0,0.0,0,0,0,0,0,0.0,0.0,0.0,0.0,0.0,0,0,0,0,0,0.0,0
09:05:47.875777,1587603947876279,23994,1587603947873956,90635,24,2290,SZ,09:05:03.000,0,0.0,0.0,0,0.0,0.0,0.0,0.0,0.0,0,0,0,0,0,0.0,0.0,0.0,0.0,0.0,0,0,0,0,0,0.0,0
09:05:47.875777,1587603947876445,23994,1587603947873969,90658,24,2385,SZ,09:05:03.000,0,0.0,0.0,0,0.0,0.0,0.0,0.0,0.0,0,0,0,0,0,0.0,0.0,0.0,0.0,0.0,0,0,0,0,0,0.0,0
09:06:47.876777,1587604007877000,23994,1587604007874254,92783,24,2290,SZ,09:06:03.000,0,0.0,0.0,0,0.0,0.0,0.0,0.0,0.0,0,0,0,0,0,0.0,0.0,0.0,0.0,0.0,0,0,0,0,0,0.0,0
09:06:47.877777,1587604007878520,23994,1587604007874854,92998,24,2385,SZ,09:06:03.000,0,0.0,0.0,0,0.0,0.0,0.0,0.0,0.0,0,0,0,0,0,0.0,0.0,0.0,0.0,0.0,0,0,0,0,0,0.0,0
09:07:47.877776,1587604067877940,23994,1587604067875104,95007,24,2290,SZ,09:07:03.000,0,0.0,0.0,0,0.0,0.0,0.0,0.0,0.0,0,0,0,0,0,0.0,0.0,0.0,0.0,0.0,0,0,0,0,0,0.0,0
09:07:47.877776,1587604067878098,23994,1587604067875122,95030,24,2385,SZ,09:07:03.000,0,0.0,0.0,0,0.0,0.0,0.0,0.0,0.0,0,0,0,0,0,0.0,0.0,0.0,0.0,0.0,0,0,0,0,0,0.0,0
09:08:47.879776,1587604127880052,23994,1587604127875949,97249,24,2290,SZ,09:08:03.000,0,0.0,0.0,0,0.0,0.0,0.0,0.0,0.0,0,0,0,0,0,0.0,0.0,0.0,0.0,0.0,0,0,0,0,0,0.0,0
09:08:47.879776,1587604127880211,23994,1587604127875968,97272,24,2385,SZ,09:08:03.000,0,0.0,0.0,0,0.0,0.0,0.0,0.0,0.0,0,0,0,0,0,0.0,0.0,0.0,0.0,0.0,0,0,0,0,0,0.0,0
09:09:47.877776,1587604187878892,23994,1587604187876233,99320,24,2290,SZ,09:09:03.000,0,0.0,0.0,0,0.0,0.0,0.0,0.0,0.0,0,0,0,0,0,0.0,0.0,0.0,0.0,0.0,0,0,0,0,0,0.0,0
09:09:47.887776,1587604187888631,23994,1587604187888174,99631,24,2385,SZ,09:09:03.000,0,0.0,0.0,0,0.0,0.0,0.0,0.0,0.0,0,0,0,0,0,0.0,0.0,0.0,0.0,0.0,0,0,0,0,0,0.0,0
09:10:47.879776,1587604247880039,23994,1587604247877024,101604,24,2290,SZ,09:10:03.000,0,0.0,0.0,0,0.0,0.0,0.0,0.0,0.0,0,0,0,0,0,0.0,0.0,0.0,0.0,0.0,0,0,0,0,0,0.0,0
09:10:47.887776,1587604247888694,23994,1587604247888577,101771,24,2385,SZ,09:10:03.000,0,0.0,0.0,0,0.0,0.0,0.0,0.0,0.0,0,0,0,0,0,0.0,0.0,0.0,0.0,0.0,0,0,0,0,0,0.0,0
09:11:47.880775,1587604307881362,23994,1587604307877850,103756,24,2290,SZ,09:11:03.000,0,0.0,0.0,0,0.0,0.0,0.0,0.0,0.0,0,0,0,0,0,0.0,0.0,0.0,0.0,0.0,0,0,0,0,0,0.0,0
09:11:47.880775,1587604307881520,23994,1587604307877863,103779,24,2385,SZ,09:11:03.000,0,0.0,0.0,0,0.0,0.0,0.0,0.0,0.0,0,0,0,0,0,0.0,0.0,0.0,0.0,0.0,0,0,0,0,0,0.0,0
09:12:47.881775,1587604367882597,23994,1587604367878658,106040,24,2290,SZ,09:12:03.000,0,0.0,0.0,0,0.0,0.0,0.0,0.0,0.0,0,0,0,0,0,0.0,0.0,0.0,0.0,0.0,0,0,0,0,0,0.0,0
09:12:47.881775,1587604367882760,23994,1587604367878677,106063,24,2385,SZ,09:12:03.000,0,0.0,0.0,0,0.0,0.0,0.0,0.0,0.0,0,0,0,0,0,0.0,0.0,0.0,0.0,0.0,0,0,0,0,0,0.0,0
09:13:47.880775,1587604427881699,23994,1587604427879305,108177,24,2290,SZ,09:13:03.000,0,0.0,0.0,0,0.0,0.0,0.0,0.0,0.0,0,0,0,0,0,0.0,0.0,0.0,0.0,0.0,0,0,0,0,0,0.0,0
09:13:47.890775,1587604427891122,23994,1587604427890993,108344,24,2385,SZ,09:13:03.000,0,0.0,0.0,0,0.0,0.0,0.0,0.0,0.0,0,0,0,0,0,0.0,0.0,0.0,0.0,0.0,0,0,0,0,0,0.0,0
09:14:47.881774,1587604487882180,23994,1587604487879509,110308,24,2290,SZ,09:14:03.000,0,0.0,0.0,0,0.0,0.0,0.0,0.0,0.0,0,0,0,0,0,0.0,0.0,0.0,0.0,0.0,0,0,0,0,0,0.0,0
09:14:47.882774,1587604487883358,23994,1587604487880094,110475,24,2385,SZ,09:14:03.000,0,0.0,0.0,0,0.0,0.0,0.0,0.0,0.0,0,0,0,0,0,0.0,0.0,0.0,0.0,0.0,0,0,0,0,0,0.0,0
09:15:44.892774,1587604544893195,23994,1587604544893042,200610,24,2290,SZ,09:15:00.000,0,0.0,0.0,0,0.0,0.0,0.0,0.0,0.0,0,0,0,0,0,0.0,0.0,0.0,0.0,0.0,0,0,0,0,0,0.0,0
09:15:44.892774,1587604544893741,23994,1587604544893260,200677,24,2385,SZ,09:15:00.000,0,0.0,0.0,0,10.05,0.0,0.0,0.0,0.0,182100,752800,0,0,0,10.05,0.0,0.0,0.0,0.0,182100,0,0,0,0,0.0,0
09:15:53.893774,1587604553894177,23994,1587604553892816,711965,24,2385,SZ,09:15:09.000,0,0.0,0.0,0,10.05,0.0,0.0,0.0,0.0,3170900,0,0,0,0,10.05,0.0,0.0,0.0,0.0,3170900,234550,0,0,0,0.0,0
09:16:02.891774,1587604562892863,23994,1587604562892753,738535,24,2385,SZ,09:15:18.000,0,0.0,0.0,0,10.05,0.0,0.0,0.0,0.0,3186100,0,0,0,0,10.05,0.0,0.0,0.0,0.0,3186100,436100,0,0,0,0.0,0
09:16:11.879774,1587604571880877,23994,1587604571880822,742592,24,2385,SZ,09:15:27.000,0,0.0,0.0,0,10.05,0.0,0.0,0.0,0.0,2663300,0,0,0,0,10.05,0.0,0.0,0.0,0.0,2663300,907500,0,0,0,0.0,0
09:16:20.881774,1587604580882023,23994,1587604580881221,746788,24,2385,SZ,09:15:36.000,0,0.0,0.0,0,10.05,0.0,0.0,0.0,0.0,2709000,0,0,0,0,10.05,0.0,0.0,0.0,0.0,2709000,993400,0,0,0,0.0,0
09:16:29.881774,1587604589882572,23994,1587604589882551,751422,24,2385,SZ,09:15:45.000,0,0.0,0.0,0,10.05,0.0,0.0,0.0,0.0,2746000,0,0,0,0,10.05,0.0,0.0,0.0,0.0,2746000,1168950,0,0,0,0.0,0
09:16:38.880774,1587604598881412,23994,1587604598881312,756396,24,2385,SZ,09:15:54.000,0,0.0,0.0,0,10.05,0.0,0.0,0.0,0.0,2766700,0,0,0,0,10.05,0.0,0.0,0.0,0.0,2766700,1336050,0,0,0,0.0,0
09:16:44.883774,1587604604884438,23994,1587604604884400,759899,24,2290,SZ,09:16:00.000,0,0.0,0.0,0,0.0,0.0,0.0,0.0,0.0,0,0,0,0,0,0.0,0.0,0.0,0.0,0.0,0,0,0,0,0,0.0,0
09:16:47.881774,1587604607882079,23994,1587604607881765,761914,24,2385,SZ,09:16:03.000,0,0.0,0.0,0,10.05,0.0,0.0,0.0,0.0,2791200,0,0,0,0,10.05,0.0,0.0,0.0,0.0,2791200,1430500,0,0,0,0.0,0
09:16:56.880774,1587604616881782,23994,1587604616881445,768029,24,2385,SZ,09:16:12.000,0,0.0,0.0,0,10.0,0.0,0.0,0.0,0.0,2105600,0,0,0,0,10.0,0.0,0.0,0.0,0.0,2105600,98200,0,0,0,0.0,0
09:17:05.880774,1587604625881758,23994,1587604625881361,774090,24,2385,SZ,09:16:21.000,0,0.0,0.0,0,10.0,0.0,0.0,0.0,0.0,2091900,0,0,0,0,10.0,0.0,0.0,0.0,0.0,2091900,112500,0,0,0,0.0,0
09:17:14.882774,1587604634883808,23994,1587604634883547,780363,24,2385,SZ,09:16:30.000,0,0.0,0.0,0,10.0,0.0,0.0,0.0,0.0,2111700,0,0,0,0,10.0,0.0,0.0,0.0,0.0,2111700,208900,0,0,0,0.0,0
09:17:23.881774,1587604643882668,23994,1587604643882147,787020,24,2385,SZ,09:16:39.000,0,0.0,0.0,0,10.0,0.0,0.0,0.0,0.0,2073100,0,0,0,0,10.0,0.0,0.0,0.0,0.0,2073100,427000,0,0,0,0.0,0
09:17:32.881774,1587604652882748,23994,1587604652882228,794049,24,2385,SZ,09:16:48.000,0,0.0,0.0,0,9.96,0.0,0.0,0.0,0.0,1482100,0,0,0,0,9.96,0.0,0.0,0.0,0.0,1482100,55500,0,0,0,0.0,0
09:17:41.881774,1587604661882499,23994,1587604661882280,801093,24,2385,SZ,09:16:57.000,0,0.0,0.0,0,9.96,0.0,0.0,0.0,0.0,1481300,0,0,0,0,9.96,0.0,0.0,0.0,0.0,1481300,89400,0,0,0,0.0,0
09:17:44.882774,1587604664883906,23994,1587604664883876,803489,24,2290,SZ,09:17:00.000,0,0.0,0.0,0,0.0,0.0,0.0,0.0,0.0,0,0,0,0,0,0.0,0.0,0.0,0.0,0.0,0,0,0,0,0,0.0,0
09:17:50.881774,1587604670882710,23994,1587604670882267,808343,24,2385,SZ,09:17:06.000,0,0.0,0.0,0,9.96,0.0,0.0,0.0,0.0,1490600,0,0,0,0,9.96,0.0,0.0,0.0,0.0,1490600,345800,0,0,0,0.0,0
09:17:59.882774,1587604679883666,23994,1587604679883641,815971,24,2385,SZ,09:17:15.000,0,0.0,0.0,0,9.96,0.0,0.0,0.0,0.0,1428500,0,0,0,0,9.96,0.0,0.0,0.0,0.0,1428500,488600,0,0,0,0.0,0
09:18:08.882774,1587604688882938,23994,1587604688882814,823737,24,2385,SZ,09:17:24.000,0,0.0,0.0,0,9.96,0.0,0.0,0.0,0.0,1475700,0,0,0,0,9.96,0.0,0.0,0.0,0.0,1475700,626100,0,0,0,0.0,0
09:18:17.882774,1587604697882952,23994,1587604697882439,831375,24,2385,SZ,09:17:33.000,0,0.0,0.0,0,9.96,0.0,0.0,0.0,0.0,1487900,0,0,0,0,9.96,0.0,0.0,0.0,0.0,1487900,724200,0,0,0,0.0,0
09:18:26.882773,1587604706883266,23994,1587604706882867,839353,24,2385,SZ,09:17:42.000,0,0.0,0.0,0,9.96,0.0,0.0,0.0,0.0,1605600,0,0,0,0,9.96,0.0,0.0,0.0,0.0,1605600,706600,0,0,0,0.0,0
09:18:35.882773,1587604715883116,23994,1587604715882938,847403,24,2385,SZ,09:17:51.000,0,0.0,0.0,0,9.96,0.0,0.0,0.0,0.0,1624800,0,0,0,0,9.96,0.0,0.0,0.0,0.0,1624800,691200,0,0,0,0.0,0
09:18:44.894773,1587604724895466,23994,1587604724895034,855670,24,2290,SZ,09:18:00.000,0,0.0,0.0,0,0.0,0.0,0.0,0.0,0.0,0,0,0,0,0,0.0,0.0,0.0,0.0,0.0,0,0,0,0,0,0.0,0
09:18:44.894773,1587604724895715,23994,1587604724895107,855701,24,2385,SZ,09:18:00.000,0,0.0,0.0,0,9.96,0.0,0.0,0.0,0.0,1640000,0,0,0,0,9.96,0.0,0.0,0.0,0.0,1640000,881700,0,0,0,0.0,0
09:18:53.882773,1587604733883698,23994,1587604733883068,864233,24,2385,SZ,09:18:09.000,0,0.0,0.0,0,9.96,0.0,0.0,0.0,0.0,1652400,0,0,0,0,9.96,0.0,0.0,0.0,0.0,1652400,1060200,0,0,0,0.0,0
09:19:02.882773,1587604742883922,23994,1587604742883277,872888,24,2385,SZ,09:18:18.000,0,0.0,0.0,0,9.96,0.0,0.0,0.0,0.0,1641600,0,0,0,0,9.96,0.0,0.0,0.0,0.0,1641600,1181400,0,0,0,0.0,0
09:19:11.882773,1587604751883766,23994,1587604751883364,881517,24,2385,SZ,09:18:27.000,0,0.0,0.0,0,9.96,0.0,0.0,0.0,0.0,1607900,0,0,0,0,9.96,0.0,0.0,0.0,0.0,1607900,1446700,0,0,0,0.0,0
09:19:20.882773,1587604760883879,23994,1587604760883249,890114,24,2385,SZ,09:18:36.000,0,0.0,0.0,0,9.96,0.0,0.0,0.0,0.0,1611400,0,0,0,0,9.96,0.0,0.0,0.0,0.0,1611400,1511100,0,0,0,0.0,0
09:19:29.883773,1587604769884875,23994,1587604769884855,898827,24,2385,SZ,09:18:45.000,0,0.0,0.0,0,9.96,0.0,0.0,0.0,0.0,1620200,0,0,0,0,9.96,0.0,0.0,0.0,0.0,1620200,1783700,0,0,0,0.0,0
09:19:38.883773,1587604778884902,23994,1587604778883242,907597,24,2385,SZ,09:18:54.000,0,0.0,0.0,0,9.95,0.0,0.0,0.0,0.0,1631300,0,0,0,0,9.95,0.0,0.0,0.0,0.0,1631300,2200,0,0,0,0.0,0
09:19:44.884773,1587604784885393,23994,1587604784885378,913509,24,2290,SZ,09:19:00.000,0,0.0,0.0,0,0.0,0.0,0.0,0.0,0.0,0,0,0,0,0,0.0,0.0,0.0,0.0,0.0,0,0,0,0,0,0.0,0
09:19:47.883773,1587604787884276,23994,1587604787883656,916550,24,2385,SZ,09:19:03.000,0,0.0,0.0,0,9.95,0.0,0.0,0.0,0.0,1649400,0,0,0,0,9.95,0.0,0.0,0.0,0.0,1649400,10700,0,0,0,0.0,0
09:19:56.883773,1587604796884376,23994,1587604796883966,926150,24,2385,SZ,09:19:12.000,0,0.0,0.0,0,9.95,0.0,0.0,0.0,0.0,1649300,0,0,0,0,9.95,0.0,0.0,0.0,0.0,1649300,279400,0,0,0,0.0,0
09:20:05.884773,1587604805884961,23994,1587604805884951,935528,24,2385,SZ,09:19:21.000,0,0.0,0.0,0,9.95,0.0,0.0,0.0,0.0,1632700,0,0,0,0,9.95,0.0,0.0,0.0,0.0,1632700,370600,0,0,0,0.0,0
09:20:14.884773,1587604814885454,23994,1587604814885363,944699,24,2385,SZ,09:19:30.000,0,0.0,0.0,0,9.95,0.0,0.0,0.0,0.0,1649400,0,0,0,0,9.95,0.0,0.0,0.0,0.0,1649400,537200,0,0,0,0.0,0
09:20:23.885773,1587604823886153,23994,1587604823884002,953997,24,2385,SZ,09:19:39.000,0,0.0,0.0,0,9.94,0.0,0.0,0.0,0.0,1593500,0,0,0,0,9.94,0.0,0.0,0.0,0.0,1593500,54100,0,0,0,0.0,0
09:20:32.883773,1587604832884537,23994,1587604832884360,963313,24,2385,SZ,09:19:48.000,0,0.0,0.0,0,9.94,0.0,0.0,0.0,0.0,1593600,0,0,0,0,9.94,0.0,0.0,0.0,0.0,1593600,79100,0,0,0,0.0,0
09:20:41.884773,1587604841885264,23994,1587604841884465,972836,24,2385,SZ,09:19:57.000,0,0.0,0.0,0,9.92,0.0,0.0,0.0,0.0,1523900,0,0,0,0,9.92,0.0,0.0,0.0,0.0,1523900,48100,0,0,0,0.0,0
09:20:44.884773,1587604844885289,23994,1587604844885256,976038,24,2290,SZ,09:20:00.000,0,0.0,0.0,0,0.0,0.0,0.0,0.0,0.0,0,0,0,0,0,0.0,0.0,0.0,0.0,0.0,0,0,0,0,0,0.0,0
09:20:44.885773,1587604844886000,23994,1587604844885974,976064,24,2385,SZ,09:20:00.000,0,0.0,0.0,0,9.9,0.0,0.0,0.0,0.0,1540900,0,0,0,0,9.9,0.0,0.0,0.0,0.0,1540900,65000,0,0,0,0.0,0
09:20:53.884773,1587604853885182,23994,1587604853884728,985111,24,2385,SZ,09:20:09.000,0,0.0,0.0,0,9.9,0.0,0.0,0.0,0.0,1593700,0,0,0,0,9.9,0.0,0.0,0.0,0.0,1593700,171500,0,0,0,0.0,0
09:21:02.883773,1587604862884793,23994,1587604862884421,993774,24,2385,SZ,09:20:18.000,0,0.0,0.0,0,9.9,0.0,0.0,0.0,0.0,1647900,0,0,0,0,9.9,0.0,0.0,0.0,0.0,1647900,272300,0,0,0,0.0,0
09:21:11.883773,1587604871884697,23994,1587604871884310,1002652,24,2385,SZ,09:20:27.000,0,0.0,0.0,0,9.9,0.0,0.0,0.0,0.0,1670800,0,0,0,0,9.9,0.0,0.0,0.0,0.0,1670800,364600,0,0,0,0.0,0
09:21:20.884773,1587604880885913,23994,1587604880884922,1011783,24,2385,SZ,09:20:36.000,0,0.0,0.0,0,9.9,0.0,0.0,0.0,0.0,1703200,0,0,0,0,9.9,0.0,0.0,0.0,0.0,1703200,438500,0,0,0,0.0,0
09:21:29.885773,1587604889886569,23994,1587604889886473,1020926,24,2385,SZ,09:20:45.000,0,0.0,0.0,0,9.9,0.0,0.0,0.0,0.0,1805300,0,0,0,0,9.9,0.0,0.0,0.0,0.0,1805300,400400,0,0,0,0.0,0
09:21:38.884773,1587604898885476,23994,1587604898885032,1029963,24,2385,SZ,09:20:54.000,0,0.0,0.0,0,9.9,0.0,0.0,0.0,0.0,1842400,0,0,0,0,9.9,0.0,0.0,0.0,0.0,1842400,457100,0,0,0,0.0,0
09:21:44.886773,1587604904887027,23994,1587604904886977,1036095,24,2290,SZ,09:21:00.000,0,0.0,0.0,0,0.0,0.0,0.0,0.0,0.0,0,0,0,0,0,0.0,0.0,0.0,0.0,0.0,0,0,0,0,0,0.0,0
09:21:47.884773,1587604907885353,23994,1587604907884783,1039210,24,2385,SZ,09:21:03.000,0,0.0,0.0,0,9.9,0.0,0.0,0.0,0.0,1875000,0,0,0,0,9.9,0.0,0.0,0.0,0.0,1875000,481100,0,0,0,0.0,0
09:21:56.885773,1587604916886143,23994,1587604916885072,1048692,24,2385,SZ,09:21:12.000,0,0.0,0.0,0,9.9,0.0,0.0,0.0,0.0,1923800,0,0,0,0,9.9,0.0,0.0,0.0,0.0,1923800,607850,0,0,0,0.0,0
09:22:05.885772,1587604925886093,23994,1587604925885493,1058321,24,2385,SZ,09:21:21.000,0,0.0,0.0,0,9.9,0.0,0.0,0.0,0.0,1985000,0,0,0,0,9.9,0.0,0.0,0.0,0.0,1985000,722300,0,0,0,0.0,0
09:22:14.885772,1587604934886137,23994,1587604934886048,1067945,24,2385,SZ,09:21:30.000,0,0.0,0.0,0,9.9,0.0,0.0,0.0,0.0,2055200,0,0,0,0,9.9,0.0,0.0,0.0,0.0,2055200,760100,0,0,0,0.0,0
09:22:23.885772,1587604943886398,23994,1587604943885613,1078123,24,2385,SZ,09:21:39.000,0,0.0,0.0,0,9.9,0.0,0.0,0.0,0.0,2096100,0,0,0,0,9.9,0.0,0.0,0.0,0.0,2096100,825200,0,0,0,0.0,0
09:22:32.885772,1587604952886814,23994,1587604952885978,1087965,24,2385,SZ,09:21:48.000,0,0.0,0.0,0,9.9,0.0,0.0,0.0,0.0,2176200,0,0,0,0,9.9,0.0,0.0,0.0,0.0,2176200,959900,0,0,0,0.0,0
09:22:41.885772,1587604961887060,23994,1587604961885643,1098384,24,2385,SZ,09:21:57.000,0,0.0,0.0,0,9.9,0.0,0.0,0.0,0.0,2247600,0,0,0,0,9.9,0.0,0.0,0.0,0.0,2247600,1021600,0,0,0,0.0,0
09:22:44.887772,1587604964888268,23994,1587604964888233,1101953,24,2290,SZ,09:22:00.000,0,0.0,0.0,0,0.0,0.0,0.0,0.0,0.0,0,0,0,0,0,0.0,0.0,0.0,0.0,0.0,0,0,0,0,0,0.0,0
09:22:50.885772,1587604970886095,23994,1587604970885683,1109169,24,2385,SZ,09:22:06.000,0,0.0,0.0,0,9.9,0.0,0.0,0.0,0.0,2291600,0,0,0,0,9.9,0.0,0.0,0.0,0.0,2291600,1214600,0,0,0,0.0,0
09:22:59.886772,1587604979887729,23994,1587604979887683,1119878,24,2385,SZ,09:22:15.000,0,0.0,0.0,0,9.9,0.0,0.0,0.0,0.0,2336300,0,0,0,0,9.9,0.0,0.0,0.0,0.0,2336300,1618600,0,0,0,0.0,0
09:23:08.886772,1587604988887400,23994,1587604988885981,1130901,24,2385,SZ,09:22:24.000,0,0.0,0.0,0,9.89,0.0,0.0,0.0,0.0,2421900,0,0,0,0,9.89,0.0,0.0,0.0,0.0,2421900,170500,0,0,0,0.0,0
09:23:17.886772,1587604997887446,23994,1587604997886398,1142198,24,2385,SZ,09:22:33.000,0,0.0,0.0,0,9.88,0.0,0.0,0.0,0.0,2483200,0,0,0,0,9.88,0.0,0.0,0.0,0.0,2483200,41700,0,0,0,0.0,0
09:23:26.886772,1587605006887104,23994,1587605006886588,1153765,24,2385,SZ,09:22:42.000,0,0.0,0.0,0,9.8,0.0,0.0,0.0,0.0,2718700,0,0,0,0,9.8,0.0,0.0,0.0,0.0,2718700,251000,0,0,0,0.0,0
09:23:35.897772,1587605015898359,23994,1587605015898106,1165372,24,2385,SZ,09:22:51.000,0,0.0,0.0,0,9.8,0.0,0.0,0.0,0.0,2764800,0,0,0,0,9.8,0.0,0.0,0.0,0.0,2764800,318600,0,0,0,0.0,0
09:23:44.899772,1587605024900334,23994,1587605024899460,1177149,24,2290,SZ,09:23:00.000,0,0.0,0.0,0,0.0,0.0,0.0,0.0,0.0,0,0,0,0,0,0.0,0.0,0.0,0.0,0.0,0,0,0,0,0,0.0,0
09:23:44.899772,1587605024900433,23994,1587605024899469,1177160,24,2385,SZ,09:23:00.000,0,0.0,0.0,0,9.8,0.0,0.0,0.0,0.0,2817900,0,0,0,0,9.8,0.0,0.0,0.0,0.0,2817900,381050,0,0,0,0.0,0
09:23:53.887772,1587605033888136,23994,1587605033886672,1189636,24,2385,SZ,09:23:09.000,0,0.0,0.0,0,9.79,0.0,0.0,0.0,0.0,2873900,0,0,0,0,9.79,0.0,0.0,0.0,0.0,2873900,158050,0,0,0,0.0,0
09:24:02.886772,1587605042887455,23994,1587605042886671,1202519,24,2385,SZ,09:23:18.000,0,0.0,0.0,0,9.78,0.0,0.0,0.0,0.0,2970400,0,0,0,0,9.78,0.0,0.0,0.0,0.0,2970400,1950,0,0,0,0.0,0
09:24:11.886772,1587605051887603,23994,1587605051886749,1215956,24,2385,SZ,09:23:27.000,0,0.0,0.0,0,9.74,0.0,0.0,0.0,0.0,3060300,0,0,0,0,9.74,0.0,0.0,0.0,0.0,3060300,3150,0,0,0,0.0,0
09:24:20.887772,1587605060888061,23994,1587605060886895,1229808,24,2385,SZ,09:23:36.000,0,0.0,0.0,0,9.7,0.0,0.0,0.0,0.0,3292050,15050,0,0,0,9.7,0.0,0.0,0.0,0.0,3292050,0,0,0,0,0.0,0
09:24:29.900772,1587605069900972,23994,1587605069900588,1243832,24,2385,SZ,09:23:45.000,0,0.0,0.0,0,9.68,0.0,0.0,0.0,0.0,3414200,0,0,0,0,9.68,0.0,0.0,0.0,0.0,3414200,127950,0,0,0,0.0,0
09:24:38.887772,1587605078887959,23994,1587605078887187,1258357,24,2385,SZ,09:23:54.000,0,0.0,0.0,0,9.65,0.0,0.0,0.0,0.0,3607300,0,0,0,0,9.65,0.0,0.0,0.0,0.0,3607300,14250,0,0,0,0.0,0
09:24:44.887772,1587605084888499,23994,1587605084888484,1268498,24,2290,SZ,09:24:00.000,0,0.0,0.0,0,0.0,0.0,0.0,0.0,0.0,0,0,0,0,0,0.0,0.0,0.0,0.0,0.0,0,0,0,0,0,0.0,0
09:24:47.887772,1587605087888205,23994,1587605087887556,1274018,24,2385,SZ,09:24:03.000,0,0.0,0.0,0,9.68,0.0,0.0,0.0,0.0,4212350,247550,0,0,0,9.68,0.0,0.0,0.0,0.0,4212350,0,0,0,0,0.0,0
09:24:56.898772,1587605096899492,23994,1587605096898953,1292120,24,2385,SZ,09:24:12.000,0,0.0,0.0,0,9.65,0.0,0.0,0.0,0.0,4578600,0,0,0,0,9.65,0.0,0.0,0.0,0.0,4578600,146250,0,0,0,0.0,0
09:25:05.899772,1587605105900272,23994,1587605105899421,1312894,24,2385,SZ,09:24:21.000,0,0.0,0.0,0,9.6,0.0,0.0,0.0,0.0,5083200,0,0,0,0,9.6,0.0,0.0,0.0,0.0,5083200,460750,0,0,0,0.0,0
09:25:14.910772,1587605114911387,23994,1587605114911287,1334624,24,2385,SZ,09:24:30.000,0,0.0,0.0,0,9.6,0.0,0.0,0.0,0.0,5699100,0,0,0,0,9.6,0.0,0.0,0.0,0.0,5699100,646850,0,0,0,0.0,0
09:25:23.899772,1587605123900045,23994,1587605123899012,1358813,24,2385,SZ,09:24:39.000,0,0.0,0.0,0,9.6,0.0,0.0,0.0,0.0,6653500,0,0,0,0,9.6,0.0,0.0,0.0,0.0,6653500,622850,0,0,0,0.0,0
09:25:32.899772,1587605132900284,23994,1587605132899153,1382820,24,2385,SZ,09:24:48.000,0,0.0,0.0,0,9.58,0.0,0.0,0.0,0.0,7108250,31450,0,0,0,9.58,0.0,0.0,0.0,0.0,7108250,0,0,0,0,0.0,0
09:25:41.898771,1587605141899485,23994,1587605141899021,1409977,24,2385,SZ,09:24:57.000,0,0.0,0.0,0,9.58,0.0,0.0,0.0,0.0,9089000,0,0,0,0,9.58,0.0,0.0,0.0,0.0,9089000,547350,0,0,0,0.0,0
09:25:45.090771,1587605145091829,23994,1587605145091648,1543447,24,2290,SZ,09:25:00.000,0,0.0,0.0,0,5.12,5.11,5.1,5.08,5.07,3000,1500,9800,15800,1000,5.22,5.23,5.3,5.35,5.38,1000,600,1001,1000,1200,0.0,0
09:25:45.124771,1587605145125220,23994,1587605145124998,1548408,24,2385,SZ,09:25:00.000,11641250,111756000.0,9.6,0,9.6,9.59,9.58,9.57,9.56,552050,15500,96900,1700,8900,9.61,9.62,9.63,9.64,9.65,30300,110700,30733,41700,285300,9.6,3493
09:26:45.080771,1587605205080940,23994,1587605205080838,1606730,24,2290,SZ,09:26:00.000,0,0.0,0.0,0,5.12,5.11,5.1,5.08,5.07,3000,1500,9800,15800,1000,5.22,5.23,5.3,5.35,5.38,1000,600,1001,1000,1200,0.0,0
09:26:45.124771,1587605205125252,23994,1587605205125185,1606833,24,2385,SZ,09:26:00.000,11641250,111756000.0,9.6,0,9.6,9.59,9.58,9.57,9.56,552050,15500,96900,1700,8900,9.61,9.62,9.63,9.64,9.65,30300,110700,30733,41700,285300,9.6,3493
09:27:45.084771,1587605265085660,23994,1587605265085468,1608943,24,2290,SZ,09:27:00.000,0,0.0,0.0,0,5.12,5.11,5.1,5.08,5.07,3000,1500,9800,15800,1000,5.22,5.23,5.3,5.35,5.38,1000,600,1001,1000,1200,0.0,0
09:27:45.128771,1587605265129659,23994,1587605265129625,1609032,24,2385,SZ,09:27:00.000,11641250,111756000.0,9.6,0,9.6,9.59,9.58,9.57,9.56,552050,15500,96900,1700,8900,9.61,9.62,9.63,9.64,9.65,30300,110700,30733,41700,285300,9.6,3493
09:28:45.082771,1587605325083064,23994,1587605325082996,1611109,24,2290,SZ,09:28:00.000,0,0.0,0.0,0,5.12,5.11,5.1,5.08,5.07,3000,1500,9800,15800,1000,5.22,5.23,5.3,5.35,5.38,1000,600,1001,1000,1200,0.0,0
09:28:45.115771,1587605325116652,23994,1587605325116520,1611211,24,2385,SZ,09:28:00.000,11641250,111756000.0,9.6,0,9.6,9.59,9.58,9.57,9.56,552050,15500,96900,1700,8900,9.61,9.62,9.63,9.64,9.65,30300,110700,30733,41700,285300,9.6,3493
09:29:45.085770,1587605385086154,23994,1587605385086070,1613318,24,2290,SZ,09:29:00.000,0,0.0,0.0,0,5.12,5.11,5.1,5.08,5.07,3000,1500,9800,15800,1000,5.22,5.23,5.3,5.35,5.38,1000,600,1001,1000,1200,0.0,0
09:29:45.118770,1587605385119444,23994,1587605385119361,1613405,24,2385,SZ,09:29:00.000,11641250,111756000.0,9.6,0,9.6,9.59,9.58,9.57,9.56,552050,15500,96900,1700,8900,9.61,9.62,9.63,9.64,9.65,30300,110700,30733,41700,285300,9.6,3493
09:30:45.076770,1587605445077094,23994,1587605445076986,1712519,24,2290,SZ,09:30:00.000,0,0.0,0.0,0,5.12,5.11,5.1,5.08,5.07,3000,1500,9800,15800,1000,5.22,5.23,5.3,5.35,5.38,1000,600,1001,1000,1200,0.0,0
09:30:45.121770,1587605445122922,23994,1587605445122501,1718884,24,2385,SZ,09:30:00.000,15167900,145596639.34,9.65,0,9.62,9.61,9.6,9.59,9.58,100,36500,482000,19900,317400,9.65,9.66,9.67,9.68,9.69,170283,65100,33300,373900,170100,9.6,4277
09:30:48.203770,1587605448204483,23994,1587605448203924,2120181,24,2290,SZ,09:30:03.000,100,512.0,5.12,0,5.12,5.11,5.1,5.09,5.08,2900,2000,19800,10000,15800,5.22,5.23,5.3,5.35,5.37,1000,600,3101,1000,6700,5.12,1
09:30:48.249770,1587605448250592,23994,1587605448250543,2125997,24,2385,SZ,09:30:03.000,21330712,204913064.54,9.68,0,9.65,9.63,9.62,9.61,9.6,500,5600,1400,983200,472388,9.68,9.69,9.7,9.71,9.72,142600,222000,346300,5100,14200,9.6,7344
09:30:51.181770,1587605451182775,23994,1587605451182700,2511127,24,2290,SZ,09:30:06.000,4300,22003.0,5.11,0,5.11,5.1,5.09,5.08,5.07,700,19800,10000,24300,39200,5.21,5.22,5.23,5.28,5.29,1000,1000,600,5000,5000,5.12,3
09:30:51.205770,1587605451206004,23994,1587605451205889,2514019,24,2385,SZ,09:30:06.000,23793182,228647190.24,9.61,0,9.61,9.6,9.59,9.58,9.57,1568330,795988,117400,446900,62900,9.65,9.68,9.69,9.7,9.71,2100,1215000,72500,402600,6300,9.6,8739
09:30:54.158770,1587605454158964,23994,1587605454158956,2822059,24,2290,SZ,09:30:09.000,4300,22003.0,5.11,0,5.11,5.1,5.09,5.08,5.07,700,19800,10000,24300,39200,5.21,5.22,5.23,5.28,5.29,2800,1000,600,5000,5000,5.12,3
09:30:54.191770,1587605454192178,23994,1587605454192164,2823565,24,2385,SZ,09:30:09.000,25136882,241590562.24,9.62,0,9.61,9.6,9.59,9.58,9.57,1654030,853988,118000,459800,61500,9.62,9.65,9.67,9.68,9.69,22200,15600,68400,1135400,74500,9.6,9707
09:30:57.206770,1587605457207282,23994,1587605457207094,2929301,24,2385,SZ,09:30:12.000,26141882,251289846.24,9.67,0,9.65,9.64,9.63,9.62,9.61,55500,2100,2700,43900,1873730,9.67,9.68,9.69,9.7,9.71,157200,1008400,74500,419500,6300,9.6,10177
09:31:00.189770,1587605460190645,23994,1587605460190539,3006738,24,2385,SZ,09:30:15.000,27050432,260055536.74,9.65,0,9.62,9.61,9.6,9.59,9.58,4500,1937780,964288,118500,467100,9.65,9.66,9.67,9.68,9.69,18625,71100,396400,1022800,76500,9.6,10539
09:31:03.140770,1587605463141365,23994,1587605463141311,3066130,24,2385,SZ,09:30:18.000,28080507,269998946.99,9.62,0,9.62,9.61,9.6,9.59,9.58,205850,1916655,968688,118500,466900,9.65,9.67,9.68,9.69,9.7,5200,98600,1031500,79900,416700,9.6,10874
09:31:06.145770,1587605466146775,23994,1587605466146614,3131976,24,2385,SZ,09:30:21.000,28831607,277237736.49,9.62,0,9.62,9.61,9.6,9.59,9.58,4300,1902605,954788,120500,466900,9.65,9.66,9.67,9.68,9.69,18900,151300,109900,1034200,82000,9.6,11255
09:31:09.099770,1587605469099967,23994,1587605469099946,3193064,24,2290,SZ,09:30:24.000,4300,22003.0,5.11,0,5.11,5.1,5.09,5.08,5.07,2900,19800,10000,24300,39200,5.21,5.22,5.23,5.28,5.29,2800,1000,600,5000,5000,5.12,3
09:31:09.134770,1587605469135516,23994,1587605469135397,3194117,24,2385,SZ,09:30:24.000,29461507,283313181.49,9.65,0,9.62,9.61,9.6,9.59,9.58,166700,1895705,956888,120500,466900,9.65,9.66,9.67,9.68,9.69,14000,9800,195400,1053800,82000,9.6,11597
09:31:12.145770,1587605472146492,23994,1587605472146157,3255367,24,2385,SZ,09:30:27.000,30264207,291041634.49,9.65,0,9.63,9.62,9.61,9.6,9.59,300,200,1710705,964488,120100,9.65,9.66,9.67,9.68,9.69,144250,98600,261500,1046100,82500,9.6,12025
09:31:15.145770,1587605475146803,23994,1587605475146782,3315945,24,2385,SZ,09:30:30.000,31283707,300854114.49,9.62,0,9.62,9.61,9.6,9.59,9.58,18800,1245505,962188,120200,468000,9.63,9.64,9.65,9.66,9.67,53100,193900,111150,167300,301800,9.6,12661
09:31:18.149770,1587605478150648,23994,1587605478150572,3381881,24,2385,SZ,09:30:33.000,32075507,308474375.49,9.63,0,9.63,9.62,9.61,9.6,9.59,81900,24600,973805,963988,121000,9.64,9.65,9.66,9.67,9.68,7500,192150,272000,354600,1052100,9.6,13149
09:31:21.097770,1587605481098908,23994,1587605481098753,3442291,24,2290,SZ,09:30:36.000,4300,22003.0,5.11,0,5.11,5.1,5.09,5.08,5.07,4900,19800,10000,24300,39200,5.21,5.22,5.23,5.28,5.29,2800,1000,600,5000,5000,5.12,3
09:31:21.142770,1587605481143143,23994,1587605481143089,3443539,24,2385,SZ,09:30:36.000,33026257,317641885.99,9.66,0,9.65,9.64,9.63,9.62,9.61,57750,2400,70000,268600,983005,9.66,9.67,9.68,9.69,9.7,258000,339100,1177000,78000,428300,9.6,13511
09:31:24.143770,1587605484144678,23994,1587605484144583,3502695,24,2385,SZ,09:30:39.000,33875157,325823748.49,9.65,0,9.65,9.64,9.63,9.62,9.61,29100,4900,20200,274550,967800,9.66,9.67,9.68,9.69,9.7,167900,362700,1184900,79400,432600,9.6,13906
09:31:27.110770,1587605487111207,23994,1587605487111112,3564475,24,2290,SZ,09:30:42.000,4300,22003.0,5.11,0,5.11,5.1,5.09,5.08,5.07,4900,19800,10000,24300,39200,5.2,5.21,5.22,5.23,5.28,5000,2800,1000,600,5000,5.12,3
09:31:27.146770,1587605487147540,23994,1587605487147441,3565481,24,2385,SZ,09:30:42.000,34438457,331258848.49,9.65,0,9.64,9.63,9.62,9.61,9.6,11300,54700,384800,960500,992588,9.65,9.67,9.68,9.69,9.7,87200,349500,1193200,78800,440700,9.6,14219
09:31:30.143770,1587605490144542,23994,1587605490144457,3628339,24,2385,SZ,09:30:45.000,35441757,340933556.49,9.65,0,9.64,9.63,9.62,9.61,9.6,10000,800,303800,940000,981688,9.65,9.66,9.67,9.68,9.69,26000,72300,374300,1191950,90200,9.6,14613
09:31:33.144770,1587605493145873,23994,1587605493145676,3689254,24,2385,SZ,09:30:48.000,36118157,347457169.49,9.65,0,9.65,9.63,9.62,9.61,9.6,2300,5000,190200,970900,982388,9.66,9.67,9.68,9.69,9.7,163300,388300,1195150,94300,455500,9.6,14978
09:31:36.102770,1587605496103483,23994,1587605496103404,3749557,24,2290,SZ,09:30:51.000,4300,22003.0,5.11,0,5.11,5.1,5.09,5.08,5.07,4900,16600,10000,24300,39200,5.2,5.21,5.22,5.23,5.28,5000,2800,1000,600,5000,5.12,3
09:31:36.150770,1587605496151733,23994,1587605496151707,3750850,24,2385,SZ,09:30:51.000,36719557,353259857.49,9.65,0,9.65,9.64,9.63,9.62,9.61,154700,7700,39200,159200,978200,9.66,9.67,9.68,9.69,9.7,115000,393800,1202650,94300,455500,9.6,15295
09:31:39.156770,1587605499157699,23994,1587605499157653,3810541,24,2385,SZ,09:30:54.000,37564057,361408946.49,9.65,0,9.63,9.62,9.61,9.6,9.59,6000,126000,967400,984288,124600,9.65,9.66,9.67,9.68,9.69,23100,64300,316900,1202950,93900,9.6,15675
09:31:42.147770,1587605502147997,23994,1587605502147852,3870555,24,2385,SZ,09:30:57.000,38005557,365670914.49,9.64,0,9.63,9.62,9.61,9.6,9.59,41600,124200,960500,998288,124600,9.64,9.65,9.66,9.67,9.68,2700,652600,70900,331300,1203450,9.6,15952
09:31:45.124770,1587605505125131,23994,1587605505125054,3936701,24,2290,SZ,09:31:00.000,4300,22003.0,5.11,0,5.11,5.1,5.09,5.08,5.07,4900,16600,10000,24300,39200,5.2,5.21,5.22,5.23,5.28,5000,2800,1000,600,5000,5.12,3
09:31:45.162770,1587605505163187,23994,1587605505163053,3938112,24,2385,SZ,09:31:00.000,38731657,372669064.49,9.64,0,9.63,9.62,9.61,9.6,9.59,1800,101400,961500,997488,124600,9.64,9.65,9.66,9.67,9.68,1100,594500,94600,332100,1203550,9.6,16233
09:31:48.144770,1587605508145845,23994,1587605508145807,4026165,24,2290,SZ,09:31:03.000,4300,22003.0,5.11,0,5.11,5.1,5.09,5.08,5.07,4900,16600,10000,24300,39200,5.2,5.21,5.22,5.23,5.28,5000,2800,1000,600,5000,5.12,3
09:31:48.178770,1587605508179452,23994,1587605508179306,4027438,24,2385,SZ,09:31:03.000,40233457,387115684.49,9.62,0,9.61,9.6,9.59,9.58,9.57,4700,998288,124600,461000,73900,9.62,9.63,9.64,9.65,9.66,200,400,72200,528200,141600,9.6,17100
09:31:51.120770,1587605511121684,23994,1587605511121637,4108641,24,2290,SZ,09:31:06.000,4300,22003.0,5.11,0,5.11,5.1,5.09,5.08,5.07,7900,16600,10000,24300,39200,5.2,5.21,5.22,5.23,5.28,5000,2800,1000,600,5000,5.12,3
09:31:51.160770,1587605511161227,23994,1587605511161098,4110255,24,2385,SZ,09:31:06.000,41542645,399688081.05,9.6,0,9.59,9.58,9.57,9.56,9.55,27500,460700,73900,254700,156300,9.6,9.61,9.62,9.63,9.64,100100,75500,1183812,360100,252700,9.6,18048
09:31:54.156770,1587605514157157,23994,1587605514157045,4184662,24,2385,SZ,09:31:09.000,42416145,408060572.05,9.57,0,9.57,9.56,9.55,9.54,9.53,55100,254700,156600,69500,23200,9.59,9.6,9.61,9.62,9.63,8600,1098100,242500,1251212,509600,9.6,18353
09:31:57.127770,1587605517128922,23994,1587605517128843,4256987,24,2290,SZ,09:31:12.000,4300,22003.0,5.11,0,5.11,5.1,5.09,5.08,5.07,7900,16600,10000,24600,39200,5.19,5.2,5.21,5.22,5.23,1400,5000,2800,1000,600,5.12,3
09:31:57.161770,1587605517162299,23994,1587605517162225,4257952,24,2385,SZ,09:31:12.000,42936875,413048619.85,9.58,0,9.56,9.55,9.54,9.53,9.52,171570,159400,69500,23200,102700,9.58,9.59,9.6,9.61,9.62,290500,5900,1075950,200700,1196912,9.6,18554
09:32:00.147770,1587605520148139,23994,1587605520147994,4326272,24,2385,SZ,09:31:15.000,43428575,417750605.55,9.55,0,9.55,9.54,9.53,9.52,9.51,88070,69500,23200,101700,274900,9.56,9.57,9.58,9.59,9.6,116700,62000,324800,207500,1233150,9.6,18828
09:32:03.113770,1587605523114835,23994,1587605523114782,4389603,24,2290,SZ,09:31:18.000,4300,22003.0,5.11,0,5.11,5.1,5.09,5.08,5.07,14900,16600,10000,24600,39200,5.19,5.2,5.21,5.22,5.23,1400,5000,2800,1000,600,5.12,3
09:32:03.156770,1587605523157456,23994,1587605523157425,4390814,24,2385,SZ,09:31:18.000,43957275,422799623.65,9.54,0,9.52,9.51,9.5,9.49,9.48,89170,273900,542500,30100,100300,9.54,9.55,9.56,9.57,9.58,60600,23900,529400,354100,337600,9.6,19103
09:32:06.160770,1587605526161763,23994,1587605526161563,4453637,24,2385,SZ,09:31:21.000,44410575,427118127.35,9.54,0,9.53,9.51,9.5,9.49,9.48,252500,174570,534600,30100,100300,9.54,9.55,9.56,9.57,9.58,28300,161600,684800,494100,334100,9.6,19313
09:32:09.113770,1587605529114670,23994,1587605529114627,4513243,24,2290,SZ,09:31:24.000,4300,22003.0,5.11,0,5.11,5.1,5.09,5.08,5.07,15900,16600,10000,24600,39200,5.19,5.2,5.21,5.22,5.23,1400,5000,2800,1000,600,5.12,3
09:32:09.154770,1587605529155862,23994,1587605529155743,4514350,24,2385,SZ,09:31:24.000,45134975,434019049.35,9.51,0,9.51,9.5,9.49,9.48,9.47,16070,529700,30100,100300,15200,9.52,9.53,9.54,9.55,9.56,31400,9000,25600,265800,710700,9.6,19532
09:32:12.122770,1587605532123660,23994,1587605532123606,4572477,24,2290,SZ,09:31:27.000,4300,22003.0,5.11,0,5.11,5.1,5.09,5.08,5.07,19500,16600,10000,24600,39200,5.19,5.2,5.21,5.22,5.23,1400,5000,2800,1000,600,5.12,3
09:32:12.158770,1587605532159195,23994,1587605532159068,4573584,24,2385,SZ,09:31:27.000,46021375,442446443.05,9.53,0,9.5,9.49,9.48,9.47,9.46,46170,67200,100300,15200,84100,9.52,9.53,9.54,9.55,9.56,2500,310100,97200,316500,418200,9.6,20002
09:32:15.118770,1587605535119656,23994,1587605535119575,4628315,24,2290,SZ,09:31:30.000,4300,22003.0,5.11,0,5.11,5.1,5.09,5.08,5.07,19500,16600,10000,24600,39200,5.18,5.19,5.2,5.21,5.22,500,1400,5000,2800,1000,5.12,3
09:32:15.154770,1587605535155083,23994,1587605535155023,4629174,24,2385,SZ,09:31:30.000,46410145,446138082.75,9.49,0,9.48,9.47,9.46,9.45,9.44,45700,15200,84100,223400,21100,9.49,9.5,9.51,9.52,9.53,1300,120700,224930,84500,435200,9.6,20253
09:32:18.117770,1587605538118403,23994,1587605538118203,4687812,24,2290,SZ,09:31:33.000,4500,23025.0,5.11,0,5.11,5.1,5.09,5.08,5.07,19300,16600,10000,24600,39200,5.18,5.19,5.2,5.21,5.22,500,1400,5000,2800,1000,5.12,4
09:32:18.156770,1587605538157413,23994,1587605538157351,4688975,24,2385,SZ,09:31:33.000,47298745,454567323.75,9.46,0,9.45,9.44,9.43,9.42,9.41,115100,21100,271400,101000,184900,9.46,9.47,9.48,9.49,9.5,42300,400,17200,6500,17300,9.6,20600
09:32:21.154770,1587605541155597,23994,1587605541155456,4746044,24,2385,SZ,09:31:36.000,47793545,459255225.75,9.48,0,9.47,9.46,9.45,9.44,9.43,48900,255500,99500,21100,271400,9.48,9.49,9.5,9.51,9.52,5600,3700,213400,483530,158000,9.6,20795
09:32:24.119770,1587605544120768,23994,1587605544120635,4801321,24,2290,SZ,09:31:39.000,4600,23536.0,5.11,0,5.11,5.1,5.09,5.08,5.07,19200,16600,10000,24600,39200,5.18,5.19,5.2,5.21,5.22,500,1400,5000,2800,1000,5.12,5
09:32:24.154770,1587605544155129,23994,1587605544155037,4802191,24,2385,SZ,09:31:39.000,49287645,473441465.75,9.51,0,9.49,9.48,9.47,9.46,9.45,40700,127900,154000,518500,102500,9.51,9.52,9.53,9.54,9.55,176930,145600,484200,130325,253400,9.6,21217
09:32:27.150770,1587605547151642,23994,1587605547151395,4856475,24,2385,SZ,09:31:42.000,50495263,484905111.91,9.48,0,9.48,9.47,9.46,9.45,9.44,42200,56200,237100,106900,23100,9.49,9.5,9.51,9.52,9.53,1900,6300,149900,130100,469300,9.6,21613
09:32:30.161770,1587605550162077,23994,1587605550162033,4909820,24,2385,SZ,09:31:45.000,51423763,493701757.41,9.45,0,9.44,9.43,9.42,9.41,9.4,74900,277700,109000,215600,500900,9.45,9.47,9.48,9.49,9.5,64900,500,61050,82200,15100,9.6,22009
09:32:33.125770,1587605553126602,23994,1587605553126493,4963093,24,2290,SZ,09:31:48.000,4600,23536.0,5.11,0,5.12,5.11,5.1,5.09,5.08,500,19200,16600,10000,24600,5.18,5.19,5.2,5.21,5.22,500,1400,5000,2800,1000,5.12,5
09:32:33.149770,1587605553150099,23994,1587605553149826,4963671,24,2385,SZ,09:31:48.000,52254463,501569047.91,9.48,0,9.47,9.45,9.44,9.43,9.42,2000,246000,18700,282400,109800,9.48,9.49,9.5,9.51,9.52,21900,57800,132800,56200,113100,9.6,22359
09:32:36.119770,1587605556120668,23994,1587605556120590,5017154,24,2290,SZ,09:31:51.000,4600,23536.0,5.11,0,5.12,5.11,5.1,5.09,5.08,5500,19200,16600,10000,24600,5.18,5.19,5.2,5.21,5.22,500,1400,5000,2800,1000,5.12,5
09:32:36.155770,1587605556156294,23994,1587605556156088,5018075,24,2385,SZ,09:31:51.000,52712563,505907688.91,9.45,0,9.45,9.44,9.43,9.42,9.41,220200,70200,286400,111900,218800,9.46,9.47,9.48,9.5,9.51,52100,24700,1000,160400,76500,9.6,22639
09:32:39.156770,1587605559157727,23994,1587605559157697,5071470,24,2385,SZ,09:31:54.000,53379563,512226088.91,9.47,0,9.46,9.45,9.44,9.43,9.42,10400,396500,84000,287000,113900,9.47,9.48,9.49,9.5,9.51,200,58100,5600,138100,84800,9.6,22926
09:32:42.109770,1587605562110631,23994,1587605562110473,5121889,24,2290,SZ,09:31:57.000,4600,23536.0,5.11,0,5.12,5.11,5.1,5.09,5.08,5500,17000,16600,10000,24600,5.18,5.19,5.2,5.21,5.22,500,1400,5000,2800,1000,5.12,5
09:32:42.144770,1587605562145760,23994,1587605562145639,5122680,24,2385,SZ,09:31:57.000,53880763,516970251.91,9.48,0,9.47,9.46,9.45,9.44,9.43,42100,30300,544800,95000,308100,9.48,9.49,9.5,9.51,9.52,69700,8900,158000,101600,126700,9.6,23184
09:32:45.151770,1587605565152091,23994,1587605565151991,5177154,24,2385,SZ,09:32:00.000,54399963,521889019.91,9.46,0,9.47,9.46,9.45,9.44,9.43,500,179300,541000,122000,308300,9.48,9.49,9.5,9.51,9.52,5600,700,160300,105100,110400,9.6,23461
09:32:48.138770,1587605568138995,23994,1587605568138781,5232472,24,2290,SZ,09:32:03.000,4600,23536.0,5.11,0,5.12,5.11,5.1,5.09,5.08,6000,17000,16600,10000,24600,5.18,5.19,5.2,5.21,5.22,500,1400,5000,2800,1000,5.12,5
09:32:48.174770,1587605568175182,23994,1587605568175095,5233188,24,2385,SZ,09:32:03.000,55063563,528175970.91,9.47,0,9.46,9.45,9.44,9.43,9.42,108700,566200,94000,310200,133900,9.47,9.49,9.5,9.51,9.52,16100,25400,148500,102700,101000,9.6,23763
09:32:51.160770,1587605571161074,23994,1587605571160921,5285795,24,2385,SZ,09:32:06.000,55812475,535274613.43,9.47,0,9.46,9.45,9.44,9.43,9.42,136388,535100,164500,313200,135900,9.47,9.48,9.49,9.5,9.51,591800,2700,61000,135300,102600,9.6,24060
09:32:54.146770,1587605574147851,23994,1587605574147801,5335556,24,2385,SZ,09:32:09.000,57090663,547383401.91,9.46,0,9.45,9.44,9.43,9.42,9.41,549400,164700,313900,125700,351100,9.46,9.47,9.48,9.49,9.5,71312,9900,3100,1300,500,9.6,24543
09:32:57.156770,1587605577157141,23994,1587605577157077,5385305,24,2385,SZ,09:32:12.000,57821325,554297890.07,9.49,0,9.48,9.47,9.46,9.45,9.44,1400,119400,219450,467288,165800,9.49,9.5,9.51,9.52,9.53,16400,19900,88700,82600,308500,9.6,24906
09:33:00.113769,1587605580114913,23994,1587605580114900,5432331,24,2290,SZ,09:32:15.000,4600,23536.0,5.11,0,5.12,5.11,5.1,5.09,5.08,11000,17000,16600,10000,24600,5.18,5.19,5.2,5.21,5.22,500,1400,5000,2800,1000,5.12,5
09:33:00.146769,1587605580147651,23994,1587605580147590,5432959,24,2385,SZ,09:32:15.000,58229125,558161046.07,9.47,0,9.47,9.46,9.45,9.44,9.43,338900,423850,520688,171400,313300,9.48,9.49,9.5,9.51,9.52,42700,65800,63600,87900,86100,9.6,25070
09:33:03.148769,1587605583149526,23994,1587605583149365,5479898,24,2385,SZ,09:32:18.000,58628425,561948762.07,9.5,0,9.49,9.48,9.47,9.46,9.45,600,800,353300,509250,585688,9.5,9.51,9.52,9.53,9.54,91800,77600,89100,305700,58300,9.6,25248
09:33:06.120769,1587605586120976,23994,1587605586120945,5525625,24,2290,SZ,09:32:21.000,5100,26126.0,5.18,0,5.18,5.12,5.11,5.1,5.09,8800,11000,17000,16600,10000,5.19,5.2,5.21,5.22,5.23,1400,5000,2800,1000,600,5.12,6
09:33:06.155769,1587605586156330,23994,1587605586156305,5526412,24,2385,SZ,09:32:21.000,59148725,566894278.07,9.5,0,9.49,9.48,9.47,9.46,9.45,102600,171900,431600,463350,581088,9.5,9.52,9.53,9.54,9.55,500,16800,300100,57300,123500,9.6,25501
09:33:09.149769,1587605589150818,23994,1587605589150671,5571002,24,2385,SZ,09:32:24.000,59385625,569147003.07,9.5,0,9.5,9.49,9.48,9.47,9.46,3200,133700,314800,467800,212400,9.51,9.52,9.53,9.54,9.55,8500,33000,208300,54200,124200,9.6,25663
09:33:12.115769,1587605592116740,23994,1587605592116582,5615685,24,2290,SZ,09:32:27.000,5100,26126.0,5.18,0,5.18,5.12,5.11,5.1,5.09,8800,11000,14000,16600,10100,5.19,5.2,5.21,5.22,5.23,1400,5000,2800,1000,600,5.12,6
09:33:12.163769,1587605592164105,23994,1587605592164056,5616613,24,2385,SZ,09:32:27.000,59787375,572964501.57,9.5,0,9.5,9.49,9.48,9.47,9.46,134950,60200,410600,461600,207700,9.52,9.53,9.54,9.55,9.56,15550,207400,54400,129100,233600,9.6,25905
09:33:15.115769,1587605595116042,23994,1587605595115878,5661059,24,2290,SZ,09:32:30.000,5100,26126.0,5.18,0,5.18,5.12,5.11,5.1,5.09,8800,11000,14000,17700,10100,5.19,5.2,5.21,5.22,5.23,1400,5000,2800,1000,600,5.12,6
09:33:15.150769,1587605595151389,23994,1587605595151276,5661799,24,2385,SZ,09:32:30.000,60111975,576052553.07,9.51,0,9.51,9.5,9.49,9.48,9.47,265000,287050,91600,388300,425900,9.52,9.53,9.54,9.55,9.56,33500,137650,56400,135600,233600,9.6,26080
09:33:18.105769,1587605598106574,23994,1587605598106457,5708586,24,2290,SZ,09:32:33.000,6100,31306.0,5.18,0,5.18,5.12,5.11,5.1,5.09,7800,11000,14000,17700,10100,5.19,5.2,5.21,5.22,5.23,1400,5000,2800,1000,600,5.12,7
09:33:18.135769,1587605598136836,23994,1587605598136810,5709169,24,2385,SZ,09:32:33.000,60562225,580341163.57,9.52,0,9.52,9.51,9.5,9.49,9.48,41400,328250,472550,117600,394800,9.54,9.55,9.56,9.57,9.58,49300,135800,233600,98600,39300,9.6,26264
09:33:21.101769,1587605601102910,23994,1587605601102732,5754428,24,2290,SZ,09:32:36.000,6100,31306.0,5.18,0,5.18,5.12,5.11,5.1,5.09,7800,11000,14000,17700,10100,5.19,5.2,5.21,5.22,5.23,1400,5000,2800,1000,600,5.12,7
09:33:21.149769,1587605601150418,23994,1587605601150160,5755491,24,2385,SZ,09:32:36.000,60882225,583390815.57,9.55,0,9.54,9.53,9.52,9.51,9.5,9100,1600,98300,639050,596350,9.55,9.56,9.57,9.58,9.59,89300,233600,98600,39300,50000,9.6,26423
09:33:24.141769,1587605604142930,23994,1587605604142761,5800984,24,2385,SZ,09:32:39.000,61188725,586316411.57,9.52,0,9.54,9.52,9.51,9.5,9.49,200,214600,689950,563050,116700,9.55,9.56,9.57,9.58,9.59,84100,253300,97200,39300,50000,9.6,26613
09:33:27.111769,1587605607112536,23994,1587605607112392,5844934,24,2290,SZ,09:32:42.000,6100,31306.0,5.18,0,5.18,5.12,5.11,5.1,5.09,7800,11500,14000,20900,10100,5.19,5.2,5.21,5.22,5.23,1400,5000,2800,1000,600,5.12,7
09:33:27.145769,1587605607146863,23994,1587605607146780,5845699,24,2385,SZ,09:32:42.000,61610225,590337874.57,9.54,0,9.53,9.52,9.51,9.5,9.49,7800,233800,678050,558850,100700,9.54,9.55,9.56,9.57,9.58,6900,30200,243300,94600,39300,9.6,26846
09:33:30.159769,1587605610160398,23994,1587605610160379,5891185,24,2385,SZ,09:32:45.000,62068825,594714196.57,9.54,0,9.52,9.51,9.5,9.49,9.48,266600,667050,642850,101000,335100,9.54,9.55,9.56,9.57,9.58,57400,26600,156700,91500,49300,9.6,27100
09:33:33.107769,1587605613108787,23994,1587605613108611,5934712,24,2290,SZ,09:32:48.000,7500,38572.0,5.19,0,5.19,5.18,5.12,5.11,5.1,2900,7800,11500,14000,20900,5.2,5.21,5.22,5.23,5.28,5000,2800,1000,600,5000,5.12,8
09:33:33.154769,1587605613155010,23994,1587605613154915,5935530,24,2385,SZ,09:32:48.000,62735625,601070827.57,9.54,0,9.53,9.52,9.51,9.5,9.49,10100,187800,676350,671050,98000,9.54,9.55,9.56,9.57,9.58,179500,36700,156600,91500,49400,9.6,27404
09:33:36.142769,1587605616143707,23994,1587605616143654,5981067,24,2385,SZ,09:32:51.000,63694025,610212064.57,9.53,0,9.52,9.51,9.5,9.49,9.48,79000,668550,718050,77000,321100,9.53,9.54,9.55,9.56,9.57,14200,4000,43600,144900,91600,9.6,27771
09:33:39.160769,1587605619161562,23994,1587605619161474,6024860,24,2385,SZ,09:32:54.000,64883425,621543647.57,9.54,0,9.52,9.51,9.5,9.49,9.48,3600,189950,713550,76600,293100,9.54,9.56,9.57,9.58,9.59,21900,124800,91600,52100,58500,9.6,28210
09:33:42.149769,1587605622150177,23994,1587605622150098,6070876,24,2385,SZ,09:32:57.000,65213625,624690046.57,9.51,0,9.51,9.5,9.49,9.48,9.47,172350,734350,77700,299000,383600,9.52,9.53,9.54,9.55,9.56,84700,327900,30700,9600,124900,9.6,28443
09:33:45.099769,1587605625100841,23994,1587605625100676,6123187,24,2290,SZ,09:33:00.000,10400,53623.0,5.19,0,5.18,5.12,5.11,5.1,5.09,7800,11500,14000,20900,10100,5.19,5.21,5.22,5.23,5.28,100,2800,1000,600,5000,5.12,9
09:33:45.158769,1587605625159407,23994,1587605625159185,6124710,24,2385,SZ,09:33:00.000,66503725,636956069.07,9.51,0,9.5,9.49,9.48,9.47,9.46,27650,75000,290200,392600,202100,9.51,9.52,9.53,9.54,9.55,115200,47700,231300,43100,101800,9.6,29088
09:33:48.190769,1587605628191443,23994,1587605628191399,6189397,24,2385,SZ,09:33:03.000,66815775,639920358.07,9.5,0,9.49,9.48,9.47,9.46,9.45,7500,287100,394600,204600,562288,9.5,9.51,9.52,9.53,9.54,816850,1800600,43400,237000,37400,9.6,29280
09:33:51.125769,1587605631126599,23994,1587605631126587,6244771,24,2290,SZ,09:33:06.000,10400,53623.0,5.19,0,5.18,5.12,5.11,5.1,5.09,7800,11500,14000,20900,10600,5.19,5.21,5.22,5.23,5.28,100,2800,1000,600,5000,5.12,9
09:33:51.163769,1587605631164290,23994,1587605631164193,6245671,24,2385,SZ,09:33:06.000,67567375,647045174.07,9.49,0,9.47,9.46,9.45,9.44,9.43,162100,206700,559788,170200,376300,9.49,9.5,9.51,9.52,9.53,311100,399650,784900,75300,252500,9.6,29574
09:33:54.147769,1587605634148082,23994,1587605634147960,6301894,24,2385,SZ,09:33:09.000,68140075,652469962.07,9.47,0,9.46,9.45,9.44,9.43,9.42,60500,568288,171200,376300,126300,9.47,9.48,9.49,9.5,9.51,26600,207900,928500,473850,799500,9.6,29928
09:33:57.152769,1587605637153929,23994,1587605637153764,6358214,24,2385,SZ,09:33:12.000,68887875,659539451.07,9.46,0,9.45,9.44,9.43,9.42,9.41,40388,170900,376300,126300,231400,9.46,9.47,9.48,9.49,9.5,179900,100400,240300,813700,504350,9.6,30413
09:34:00.116769,1587605640116986,23994,1587605640116968,6412124,24,2290,SZ,09:33:15.000,10400,53623.0,5.19,0,5.18,5.12,5.11,5.1,5.09,7800,11500,14000,20900,10600,5.19,5.2,5.21,5.22,5.23,100,2000,2800,1000,600,5.12,9
09:34:00.161769,1587605640162656,23994,1587605640162586,6413378,24,2385,SZ,09:33:15.000,70164275,671572860.47,9.45,0,9.4,9.39,9.38,9.37,9.36,483188,216900,150000,89600,67100,9.45,9.46,9.47,9.48,9.49,366400,291500,236100,295600,822800,9.6,30880
09:34:03.114769,1587605643115810,23994,1587605643115638,6466486,24,2290,SZ,09:33:18.000,10400,53623.0,5.19,0,5.18,5.12,5.11,5.1,5.09,7800,11500,14000,20900,10600,5.19,5.2,5.21,5.22,5.23,100,2000,2800,1000,600,5.12,9
09:34:03.160769,1587605643161003,23994,1587605643160951,6467488,24,2385,SZ,09:33:18.000,70654475,676186762.47,9.45,0,9.41,9.4,9.39,9.38,9.37,187900,208788,216900,151600,89600,9.45,9.46,9.47,9.48,9.49,412100,297800,202800,294600,809600,9.6,31145
09:34:06.150769,1587605646151046,23994,1587605646150977,6522504,24,2385,SZ,09:33:21.000,71019775,679626272.47,9.44,0,9.4,9.39,9.38,9.37,9.36,134388,216200,156800,89400,67100,9.44,9.45,9.46,9.47,9.48,800,294600,256400,183100,284100,9.6,31336
09:34:09.143769,1587605649144211,23994,1587605649143954,6575960,24,2385,SZ,09:33:24.000,71540575,684528206.35,9.4,0,9.39,9.38,9.37,9.36,9.35,157188,155500,89400,67100,184100,9.4,9.41,9.43,9.44,9.45,37300,45100,3000,499800,229300,9.6,31616
09:34:12.115769,1587605652116682,23994,1587605652116633,6625999,24,2290,SZ,09:33:27.000,10400,53623.0,5.19,0,5.18,5.12,5.11,5.1,5.09,7800,11500,14000,20900,10600,5.19,5.2,5.21,5.22,5.23,2100,2000,2800,1000,600,5.12,9
09:34:12.149769,1587605652150009,23994,1587605652149951,6626796,24,2385,SZ,09:33:27.000,71934863,688232898.67,9.39,0,9.38,9.37,9.36,9.35,9.34,156000,89400,67100,184900,17200,9.39,9.4,9.41,9.42,9.43,312,141700,65000,5200,12400,9.6,31822
09:34:15.150769,1587605655151832,23994,1587605655151766,6676828,24,2385,SZ,09:33:30.000,72361463,692237247.55,9.38,0,9.37,9.36,9.35,9.34,9.33,55600,98900,185600,17200,94100,9.38,9.39,9.4,9.41,9.42,92900,19900,149512,75700,5000,9.6,32048
09:34:18.116769,1587605658116932,23994,1587605658116900,6725662,24,2290,SZ,09:33:33.000,12400,63983.0,5.18,0,5.18,5.12,5.11,5.1,5.09,5800,11500,14000,20900,10600,5.19,5.2,5.21,5.22,5.23,2100,2000,2800,1000,600,5.12,10
09:34:18.144769,1587605658145915,23994,1587605658145790,6726391,24,2385,SZ,09:33:33.000,72961663,697873591.31,9.39,0,9.39,9.38,9.37,9.36,9.35,229600,77000,44500,262700,188300,9.4,9.41,9.42,9.43,9.44,30400,50900,10000,14500,530000,9.6,32295
09:34:21.137769,1587605661138441,23994,1587605661138155,6777452,24,2385,SZ,09:33:36.000,74071963,708303899.31,9.4,0,9.4,9.39,9.38,9.37,9.36,129000,100800,52500,5300,210900,9.43,9.44,9.45,9.46,9.47,10000,526100,196600,270200,129300,9.6,32644
09:34:24.141769,1587605664142542,23994,1587605664142319,6828323,24,2385,SZ,09:33:39.000,74546563,712768211.31,9.4,0,9.4,9.39,9.38,9.37,9.36,103000,142900,103000,32800,233900,9.43,9.44,9.45,9.46,9.47,17900,520100,183400,267600,109200,9.6,32820
09:34:27.152769,1587605667153775,23994,1587605667153706,6876136,24,2385,SZ,09:33:42.000,75015963,717184980.31,9.4,0,9.4,9.39,9.38,9.37,9.36,400,129600,188300,51000,238700,9.43,9.44,9.45,9.46,9.47,40600,481000,172800,265100,72500,9.6,33078
09:34:30.150769,1587605670151739,23994,1587605670151666,6924312,24,2385,SZ,09:33:45.000,75605013,722726162.81,9.4,0,9.39,9.38,9.37,9.36,9.35,144850,183800,59500,241300,228600,9.4,9.43,9.44,9.45,9.46,1900,54100,478700,177400,261300,9.6,33375
09:34:33.112769,1587605673113555,23994,1587605673113399,6970112,24,2290,SZ,09:33:48.000,18200,94027.0,5.18,0,5.13,5.12,5.11,5.1,5.09,2000,11500,14000,20900,10600,5.18,5.19,5.2,5.21,5.22,1000,2100,2000,2800,1000,5.12,11
09:34:33.147769,1587605673148892,23994,1587605673148688,6970765,24,2385,SZ,09:33:48.000,76043013,726844280.81,9.42,0,9.4,9.39,9.38,9.37,9.36,17800,158150,116300,65200,236900,9.42,9.43,9.44,9.45,9.46,5300,76500,478600,176700,264400,9.6,33597
09:34:36.112769,1587605676113056,23994,1587605676113036,7014538,24,2290,SZ,09:33:51.000,18200,94027.0,5.18,0,5.13,5.12,5.11,5.1,5.09,2000,11500,14000,20900,10600,5.18,5.19,5.2,5.21,5.22,1000,2100,2000,2800,1000,5.12,11
09:34:36.144769,1587605676145502,23994,1587605676145387,7015103,24,2385,SZ,09:33:51.000,76656313,732608562.81,9.4,0,9.4,9.39,9.38,9.37,9.36,14900,19950,147500,80100,246200,9.43,9.44,9.45,9.46,9.47,99900,481500,196800,261000,71600,9.6,33925
09:34:39.106769,1587605679107889,23994,1587605679107837,7057779,24,2290,SZ,09:33:54.000,18200,94027.0,5.18,0,5.13,5.12,5.11,5.1,5.09,2000,11500,14000,17700,10600,5.18,5.19,5.2,5.21,5.22,1000,2100,2000,2800,1000,5.12,11
09:34:39.147769,1587605679148588,23994,1587605679148547,7058499,24,2385,SZ,09:33:54.000,77162613,737371337.31,9.42,0,9.4,9.38,9.37,9.36,9.35,50600,164350,102200,246100,262500,9.42,9.43,9.44,9.45,9.46,157300,69400,481200,196900,258100,9.6,34229
09:34:42.144769,1587605682145063,23994,1587605682144916,7103618,24,2385,SZ,09:33:57.000,77725813,742667153.31,9.4,0,9.39,9.38,9.37,9.36,9.35,272400,111850,108300,254000,270200,9.4,9.42,9.43,9.44,9.45,60278,139000,296400,481200,189100,9.6,34507
09:34:45.160769,1587605685161610,23994,1587605685161582,7150667,24,2385,SZ,09:34:00.000,78285603,747933313.51,9.4,0,9.4,9.39,9.38,9.37,9.36,181310,682400,132050,111900,233000,9.41,9.42,9.43,9.44,9.45,7900,200,312800,480100,179000,9.6,34769
09:34:48.184769,1587605688185395,23994,1587605688185232,7200083,24,2385,SZ,09:34:03.000,78776403,752550624.51,9.42,0,9.42,9.41,9.4,9.39,9.38,5700,147700,323910,695700,154750,9.43,9.44,9.45,9.46,9.47,285900,480100,165500,258200,56100,9.6,34994
09:34:51.160769,1587605691161676,23994,1587605691161607,7246496,24,2385,SZ,09:34:06.000,79248953,757003185.01,9.43,0,9.42,9.41,9.4,9.39,9.38,1400,132750,581310,712200,159350,9.43,9.44,9.45,9.46,9.47,64500,480100,167800,256400,56100,9.6,35129
09:34:54.116769,1587605694117300,23994,1587605694117155,7289581,24,2290,SZ,09:34:09.000,18200,94027.0,5.18,0,5.13,5.12,5.11,5.1,5.09,2000,11500,17000,17700,10600,5.18,5.19,5.2,5.21,5.22,1000,2100,2000,2800,1000,5.12,11
09:34:54.151769,1587605694152792,23994,1587605694152772,7290340,24,2385,SZ,09:34:09.000,79905653,763193805.01,9.43,0,9.43,9.42,9.41,9.4,9.39,120100,107500,61950,780510,604200,9.44,9.45,9.46,9.47,9.48,261100,164700,254700,39700,33600,9.6,35292
09:34:57.159769,1587605697160812,23994,1587605697160760,7334427,24,2385,SZ,09:34:12.000,80410453,767959359.01,9.43,0,9.43,9.42,9.41,9.4,9.39,180500,198500,74450,962910,603300,9.45,9.46,9.47,9.48,9.49,104800,254700,37700,33600,100800,9.6,35424
09:35:00.150769,1587605700151457,23994,1587605700151367,7378119,24,2385,SZ,09:34:15.000,81042753,773926872.01,9.45,0,9.45,9.44,9.43,9.42,9.41,31100,500,23700,236100,92350,9.46,9.47,9.48,9.49,9.5,251100,37700,44600,99600,323950,9.6,35730
09:35:03.102769,1587605703103792,23994,1587605703103743,7420105,24,2290,SZ,09:34:18.000,18200,94027.0,5.18,0,5.13,5.12,5.11,5.1,5.09,2000,11500,17000,17700,10600,5.18,5.19,5.2,5.21,5.22,1000,2100,2000,2800,1000,5.12,11
09:35:03.143769,1587605703144642,23994,1587605703144559,7420880,24,2385,SZ,09:34:18.000,81277253,776143509.01,9.45,0,9.44,9.43,9.42,9.41,9.4,885700,359100,208200,76950,1041610,9.45,9.46,9.47,9.48,9.49,12600,154100,37700,44600,98900,9.6,35828
09:35:06.148769,1587605706149182,23994,1587605706149101,7464744,24,2385,SZ,09:34:21.000,81567553,778887555.01,9.46,0,9.45,9.44,9.43,9.42,9.41,272300,897100,506900,177900,74950,9.46,9.47,9.48,9.49,9.5,43800,37700,44600,99200,388200,9.6,35942
09:35:09.147769,1587605709148846,23994,1587605709148785,7508126,24,2385,SZ,09:34:24.000,81806553,781147581.01,9.46,0,9.46,9.45,9.44,9.43,9.42,67600,285000,923600,391600,187200,9.47,9.48,9.49,9.5,9.51,18200,45100,134900,410400,60800,9.6,36076
09:35:12.149769,1587605712149954,23994,1587605712149927,7549305,24,2385,SZ,09:34:27.000,82024853,783214332.01,9.48,0,9.47,9.46,9.45,9.44,9.43,4300,171400,468000,940000,218500,9.48,9.49,9.5,9.51,9.52,20700,134900,385600,71400,96500,9.6,36178
09:35:15.151769,1587605715152088,23994,1587605715152041,7591693,24,2385,SZ,09:34:30.000,82312553,785942553.01,9.48,0,9.47,9.46,9.45,9.44,9.43,362200,230200,440600,948200,215500,9.48,9.5,9.51,9.52,9.53,153900,377700,68300,97600,249400,9.6,36273
09:35:18.144769,1587605718145852,23994,1587605718145760,7633949,24,2385,SZ,09:34:33.000,82949253,791975693.01,9.49,0,9.48,9.47,9.46,9.45,9.44,119200,130100,213100,417400,945500,9.49,9.5,9.51,9.52,9.53,25200,362100,70400,97600,249400,9.6,36360
09:35:21.142769,1587605721143032,23994,1587605721142871,7676698,24,2385,SZ,09:34:36.000,83478353,796993794.01,9.5,0,9.49,9.48,9.47,9.46,9.45,5800,270500,82200,247100,343900,9.5,9.51,9.52,9.53,9.54,243100,70400,98100,249400,38700,9.6,36552
09:35:24.149769,1587605724150314,23994,1587605724150210,7717226,24,2385,SZ,09:34:39.000,83856753,800585228.01,9.49,0,9.49,9.48,9.47,9.46,9.45,20000,280100,95300,240300,343400,9.5,9.51,9.52,9.53,9.54,110900,68400,194700,249400,38200,9.6,36802
09:35:27.138769,1587605727139085,23994,1587605727138995,7759072,24,2385,SZ,09:34:42.000,84241153,804233073.01,9.5,0,9.49,9.48,9.47,9.46,9.45,7400,273400,110000,240200,342000,9.5,9.51,9.52,9.53,9.54,64350,70400,174700,249400,38800,9.6,37042
09:35:30.161769,1587605730162405,23994,1587605730162359,7801930,24,2385,SZ,09:34:45.000,84538753,807058553.51,9.49,0,9.48,9.47,9.46,9.45,9.44,366800,101800,231800,352100,918500,9.49,9.5,9.51,9.52,9.53,53500,31750,62500,174100,251600,9.6,37260
09:35:33.150769,1587605733150946,23994,1587605733150927,7843337,24,2385,SZ,09:34:48.000,85053253,811941952.01,9.5,0,9.5,9.49,9.48,9.47,9.46,45000,11900,353500,107500,232700,9.51,9.52,9.53,9.54,9.55,59750,174100,257900,40000,152150,9.6,37467
09:35:36.113769,1587605736114763,23994,1587605736114747,7884317,24,2290,SZ,09:34:51.000,18200,94027.0,5.18,0,5.13,5.12,5.11,5.1,5.09,2000,11500,17000,17700,10600,5.18,5.19,5.2,5.21,5.22,1000,2100,2000,2800,1000,5.12,11
09:35:36.147769,1587605736148389,23994,1587605736148372,7884929,24,2385,SZ,09:34:51.000,85672853,817822815.01,9.49,0,9.48,9.47,9.46,9.45,9.44,279100,88000,230700,325000,926900,9.49,9.5,9.51,9.52,9.53,19100,11000,52650,174100,257900,9.6,37754
09:35:39.147769,1587605739148120,23994,1587605739148061,7925625,24,2385,SZ,09:34:54.000,86050653,821410443.01,9.49,0,9.49,9.48,9.47,9.46,9.45,59900,334100,88200,225700,324000,9.5,9.51,9.52,9.53,9.54,233800,30400,181700,265800,40900,9.6,37953
09:35:42.102769,1587605742103026,23994,1587605742103017,7965824,24,2290,SZ,09:34:57.000,18200,94027.0,5.18,0,5.13,5.12,5.11,5.1,5.09,3000,11500,17000,17700,10600,5.18,5.19,5.2,5.21,5.22,1000,2100,2000,2800,1000,5.12,11
09:35:42.135769,1587605742136446,23994,1587605742136346,7966386,24,2385,SZ,09:34:57.000,86696353,827535957.01,9.49,0,9.48,9.47,9.46,9.45,9.44,16600,89900,223800,328700,112600,9.49,9.5,9.51,9.52,9.53,96500,417700,13800,207500,253000,9.6,38162
09:35:45.149769,1587605745150848,23994,1587605745150826,8008754,24,2385,SZ,09:35:00.000,87169453,832023895.01,9.49,0,9.47,9.46,9.45,9.44,9.43,44200,218400,324700,112800,100000,9.49,9.5,9.51,9.52,9.53,38800,316350,15700,212500,260300,9.6,38365
09:35:48.173769,1587605748174447,23994,1587605748174257,8052928,24,2385,SZ,09:35:03.000,87853253,838494286.01,9.48,0,9.47,9.45,9.44,9.43,9.42,200,182400,115300,101300,139600,9.48,9.49,9.5,9.51,9.52,322200,246700,363550,22500,207300,9.6,38701
09:35:51.115769,1587605751116183,23994,1587605751116160,8095147,24,2290,SZ,09:35:06.000,18200,94027.0,5.18,0,5.13,5.12,5.11,5.1,5.09,3000,11500,17000,17700,10600,5.18,5.19,5.2,5.21,5.22,1000,2100,2000,2800,1000,5.12,11
09:35:51.141769,1587605751142523,23994,1587605751142425,8095634,24,2385,SZ,09:35:06.000,88587353,845441225.01,9.43,0,9.43,9.42,9.41,9.4,9.39,90500,139700,126150,800510,101300,9.44,9.45,9.47,9.48,9.49,169500,600,2400,28900,264700,9.6,39003
09:35:54.152769,1587605754153051,23994,1587605754152965,8138113,24,2385,SZ,09:35:09.000,88916753,848550403.01,9.47,0,9.42,9.41,9.4,9.39,9.38,118300,124250,806810,101300,193350,9.47,9.48,9.49,9.5,9.51,296900,33800,273600,435050,36400,9.6,39205
09:35:57.150769,1587605757150986,23994,1587605757150899,8179735,24,2385,SZ,09:35:12.000,89389953,853030395.01,9.47,0,9.45,9.44,9.43,9.42,9.41,200,108900,281800,93500,124750,9.47,9.48,9.49,9.5,9.51,23000,28200,174500,479550,36300,9.6,39347
09:36:00.148769,1587605760149287,23994,1587605760149213,8220844,24,2385,SZ,09:35:15.000,89546553,854510893.01,9.48,0,9.47,9.44,9.43,9.42,9.41,2400,108500,303200,105700,127950,9.48,9.49,9.5,9.51,9.52,38900,191200,484450,39300,209200,9.6,39435
09:36:03.148769,1587605763149885,23994,1587605763149756,8262266,24,2385,SZ,09:35:18.000,89715853,856112295.01,9.48,0,9.47,9.45,9.44,9.43,9.42,16100,157100,114000,334500,113900,9.48,9.49,9.5,9.51,9.52,23600,175400,515750,41700,209200,9.6,39536
09:36:06.149769,1587605766150035,23994,1587605766149909,8303104,24,2385,SZ,09:35:21.000,89859753,857475646.01,9.46,0,9.46,9.45,9.44,9.43,9.42,8000,243400,126600,139000,116100,9.47,9.48,9.49,9.5,9.51,575900,51100,127500,507850,68100,9.6,39647
09:36:09.149769,1587605769150864,23994,1587605769150756,8343794,24,2385,SZ,09:35:24.000,90274353,861401480.01,9.47,0,9.45,9.44,9.43,9.42,9.41,286200,129000,156100,125900,147950,9.47,9.48,9.49,9.5,9.51,224900,195000,144600,535550,74800,9.6,39726
09:36:12.165769,1587605772166755,23994,1587605772166735,8385421,24,2385,SZ,09:35:27.000,90641653,864879060.01,9.47,0,9.46,9.45,9.44,9.43,9.42,18300,298800,138700,76100,139500,9.48,9.49,9.5,9.51,9.52,210400,132500,549550,82400,232200,9.6,39861
09:36:15.104769,1587605775105395,23994,1587605775105327,8424510,24,2290,SZ,09:35:30.000,18200,94027.0,5.18,0,5.13,5.12,5.11,5.1,5.09,4000,11500,17000,17700,10600,5.18,5.19,5.2,5.21,5.22,1000,2100,2000,2800,1000,5.12,11
09:36:15.140769,1587605775141641,23994,1587605775141549,8425087,24,2385,SZ,09:35:30.000,91101953,869234646.01,9.46,0,9.45,9.44,9.43,9.42,9.41,177000,115900,87700,143100,151150,9.46,9.47,9.48,9.49,9.5,119700,26200,146400,145000,582550,9.6,40000
09:36:18.153769,1587605778154315,23994,1587605778154278,8465704,24,2385,SZ,09:35:33.000,91356453,871641651.01,9.47,0,9.45,9.44,9.43,9.42,9.41,125700,130300,94300,145400,152450,9.47,9.48,9.49,9.5,9.51,64425,154800,174800,594050,84300,9.6,40170
09:36:21.158769,1587605781159305,23994,1587605781159282,8506174,24,2385,SZ,09:35:36.000,91682753,874731090.76,9.46,0,9.45,9.44,9.43,9.42,9.41,128600,136300,99500,145400,148750,9.46,9.47,9.48,9.49,9.5,110000,100,123425,177400,631350,9.6,40299
09:36:24.156769,1587605784157402,23994,1587605784157365,8547624,24,2385,SZ,09:35:39.000,91944753,877208294.76,9.46,0,9.45,9.44,9.43,9.42,9.41,12000,105200,105800,146100,149850,9.46,9.47,9.48,9.49,9.5,9300,64800,130425,177800,643250,9.6,40495
09:36:27.157769,1587605787158351,23994,1587605787158307,8590763,24,2385,SZ,09:35:42.000,92157153,879216648.76,9.46,0,9.45,9.44,9.43,9.42,9.41,93300,77100,106500,144700,149950,9.46,9.47,9.48,9.49,9.5,159200,66600,129925,191600,702050,9.6,40650
09:36:30.151769,1587605790151986,23994,1587605790151830,8636016,24,2385,SZ,09:35:45.000,92629553,883685431.76,9.45,0,9.45,9.44,9.43,9.42,9.41,87600,89000,106100,144700,149350,9.46,9.47,9.48,9.49,9.5,28900,85300,130925,195100,706050,9.6,40781
09:36:33.152769,1587605793153114,23994,1587605793153032,8681903,24,2385,SZ,09:35:48.000,93030953,887482934.76,9.45,0,9.45,9.44,9.43,9.42,9.41,47600,88500,106900,140100,155350,9.47,9.48,9.49,9.5,9.51,195654,117725,201300,687450,83700,9.6,40952
09:36:36.148769,1587605796149166,23994,1587605796148991,8727976,24,2385,SZ,09:35:51.000,93248603,889541355.76,9.46,0,9.46,9.45,9.44,9.43,9.42,107050,39100,103100,108900,140500,9.47,9.48,9.49,9.5,9.51,170754,114825,191500,680450,85300,9.6,41079
09:36:39.152768,1587605799153575,23994,1587605799153511,8778134,24,2385,SZ,09:35:54.000,93670053,893528067.76,9.46,0,9.44,9.43,9.42,9.41,9.4,96400,110500,143100,162650,940110,9.47,9.48,9.49,9.5,9.51,52004,113225,193600,689250,85300,9.6,41247
09:36:42.158768,1587605802159569,23994,1587605802159551,8828604,24,2385,SZ,09:35:57.000,93943657,896119541.6,9.47,0,9.47,9.46,9.45,9.44,9.43,38500,49996,25700,97300,113300,9.48,9.49,9.5,9.51,9.52,45925,193600,705050,84700,241200,9.6,41387
09:36:45.159768,1587605805160697,23994,1587605805160655,8880429,24,2385,SZ,09:36:00.000,94140853,897987317.76,9.46,0,9.45,9.44,9.43,9.42,9.41,63200,117300,113800,160100,169850,9.46,9.47,9.48,9.49,9.5,19904,700,5225,192000,712650,9.6,41526
09:36:48.149768,1587605808150701,23994,1587605808150606,8939747,24,2290,SZ,09:36:03.000,18200,94027.0,5.18,0,5.13,5.12,5.11,5.1,5.09,4000,11500,17200,17700,10600,5.18,5.19,5.2,5.21,5.22,1000,2100,2000,2800,1000,5.12,11
09:36:48.194768,1587605808194944,23994,1587605808194869,8941171,24,2385,SZ,09:36:03.000,94599853,902327939.39,9.47,0,9.46,9.45,9.44,9.43,9.42,14800,13700,119200,123200,161300,9.47,9.48,9.49,9.5,9.51,58500,1700,168529,725750,84900,9.6,41704
09:36:51.168768,1587605811169000,23994,1587605811168941,9004319,24,2385,SZ,09:36:06.000,94964753,905781355.39,9.47,0,9.45,9.44,9.43,9.42,9.41,277800,121800,123600,163300,174850,9.47,9.48,9.49,9.5,9.51,1800,8200,170429,719750,88700,9.6,41854
09:36:54.166768,1587605814166940,23994,1587605814166810,9064135,24,2385,SZ,09:36:09.000,95099853,907062215.39,9.47,0,9.47,9.46,9.45,9.44,9.43,123700,327200,303100,124200,123600,9.48,9.49,9.5,9.51,9.52,1200,135129,738550,89000,236300,9.6,41940
09:36:57.175768,1587605817176701,23994,1587605817176683,9125335,24,2385,SZ,09:36:12.000,95230153,908297262.39,9.47,0,9.47,9.46,9.45,9.44,9.43,43200,339800,420800,114000,126100,9.48,9.49,9.5,9.51,9.52,300,227429,740650,98400,236300,9.6,42053
09:37:00.119768,1587605820120298,23994,1587605820120263,9178151,24,2290,SZ,09:36:15.000,18200,94027.0,5.18,0,5.13,5.12,5.11,5.1,5.09,4000,11500,10200,17700,10600,5.18,5.19,5.2,5.21,5.22,1000,2100,2000,2800,1000,5.12,11
09:37:00.153768,1587605820154834,23994,1587605820154706,9179097,24,2385,SZ,09:36:15.000,95357003,909499705.89,9.48,0,9.47,9.46,9.45,9.44,9.43,145150,303400,434600,116000,145800,9.48,9.49,9.5,9.51,9.52,66100,199829,778750,99500,236300,9.6,42171
09:37:03.161768,1587605823162738,23994,1587605823162719,9232305,24,2385,SZ,09:36:18.000,95683532,912597352.1,9.49,0,9.49,9.48,9.47,9.46,9.45,116571,314600,193850,302900,429400,9.5,9.51,9.52,9.53,9.54,788850,101800,236800,44100,37200,9.6,42294
09:37:06.162768,1587605826163540,23994,1587605826163487,9284839,24,2385,SZ,09:36:21.000,96975432,924862981.02,9.5,0,9.5,9.49,9.48,9.47,9.46,44500,264800,400,152600,295700,9.51,9.52,9.53,9.54,9.55,77150,241000,43200,37200,214000,9.6,42805
09:37:09.163768,1587605829164326,23994,1587605829164312,9335524,24,2385,SZ,09:36:24.000,97265332,927621112.52,9.51,0,9.51,9.5,9.49,9.48,9.47,130500,243500,25500,71300,173700,9.52,9.53,9.54,9.55,9.56,118150,43200,37200,221500,120000,9.6,42913
09:37:12.161768,1587605832162902,23994,1587605832162883,9384283,24,2385,SZ,09:36:27.000,97604682,930852730.52,9.54,0,9.54,9.53,9.52,9.51,9.5,12300,20000,465750,126600,246100,9.55,9.56,9.57,9.58,9.59,218000,119700,70000,72500,142600,9.6,43068
09:37:15.153768,1587605835154336,23994,1587605835154242,9429928,24,2385,SZ,09:36:30.000,97711882,931874728.52,9.55,0,9.52,9.51,9.5,9.49,9.48,346900,166300,255700,34000,113100,9.55,9.56,9.57,9.58,9.59,217300,121700,70000,72500,123500,9.6,43130
09:37:18.165768,1587605838165962,23994,1587605838165903,9475998,24,2385,SZ,09:36:33.000,97921582,933872631.52,9.54,0,9.52,9.51,9.5,9.49,9.48,16300,171800,270900,31400,144200,9.54,9.55,9.56,9.57,9.58,105500,210750,121200,70000,72700,9.6,43242
09:37:21.149768,1587605841150158,23994,1587605841150035,9521619,24,2385,SZ,09:36:36.000,98355382,938010055.52,9.53,0,9.51,9.5,9.49,9.48,9.47,138900,244500,33600,146800,122700,9.53,9.54,9.55,9.56,9.57,275900,141400,32050,118800,70000,9.6,43445
09:37:24.151768,1587605844152572,23994,1587605844152548,9567561,24,2385,SZ,09:36:39.000,99199782,946040083.52,9.52,0,9.5,9.49,9.48,9.47,9.46,6700,32900,146900,123700,188200,9.52,9.53,9.54,9.55,9.56,223200,196300,136400,98850,117300,9.6,43758
09:37:27.151768,1587605847152505,23994,1587605847152396,9613561,24,2385,SZ,09:36:42.000,99457582,948489650.52,9.5,0,9.48,9.47,9.46,9.45,9.44,140400,124100,189200,234900,95700,9.5,9.51,9.52,9.53,9.54,1074300,361700,201000,138200,63700,9.6,43926
09:37:30.153768,1587605850154509,23994,1587605850154454,9660774,24,2385,SZ,09:36:45.000,100129782,954863508.52,9.48,0,9.48,9.47,9.46,9.45,9.44,400,3500,108300,239900,92300,9.49,9.5,9.51,9.52,9.53,40400,1222600,365400,203100,61900,9.6,44170
09:37:33.156768,1587605853157085,23994,1587605853157027,9705112,24,2385,SZ,09:36:48.000,100302982,956506456.52,9.48,0,9.47,9.46,9.45,9.44,9.43,500,100500,242400,92100,216400,9.48,9.49,9.5,9.51,9.52,209400,153800,1234000,221300,87700,9.6,44253
09:37:36.118768,1587605856119623,23994,1587605856119468,9748417,24,2290,SZ,09:36:51.000,18200,94027.0,5.18,0,5.13,5.12,5.11,5.1,5.09,4000,11500,10200,17700,10600,5.18,5.19,5.2,5.21,5.22,1000,2100,2000,2800,5900,5.12,11
09:37:36.163768,1587605856164025,23994,1587605856163923,9749382,24,2385,SZ,09:36:51.000,100635782,959657954.52,9.47,0,9.46,9.45,9.44,9.43,9.42,100,226900,91400,216400,151200,9.47,9.48,9.49,9.5,9.51,21100,166000,164900,949400,176500,9.6,44434
09:37:39.148768,1587605859149050,23994,1587605859148948,9792864,24,2385,SZ,09:36:54.000,101123182,964267279.52,9.46,0,9.45,9.44,9.43,9.42,9.41,1000,82000,216400,147900,200150,9.46,9.47,9.48,9.49,9.5,86700,366900,113500,116900,961300,9.6,44701
09:37:42.158768,1587605862159490,23994,1587605862159392,9836453,24,2385,SZ,09:36:57.000,101298782,965927207.52,9.47,0,9.46,9.44,9.43,9.42,9.41,13600,17800,216400,154000,200150,9.47,9.48,9.49,9.5,9.51,394300,99700,117700,859200,171000,9.6,44827
09:37:45.159768,1587605865160202,23994,1587605865160130,9877305,24,2385,SZ,09:37:00.000,101433882,967204202.52,9.44,0,9.44,9.43,9.42,9.41,9.4,4900,220600,153500,200950,978600,9.46,9.47,9.48,9.49,9.5,4300,382400,97000,60600,271400,9.6,44955
09:37:48.151768,1587605868152652,23994,1587605868152608,9919538,24,2290,SZ,09:37:03.000,18200,94027.0,5.18,0,5.13,5.12,5.11,5.1,5.09,4000,11500,10200,17700,10600,5.18,5.19,5.2,5.21,5.22,1000,2100,2000,2800,5900,5.12,11
09:37:48.186768,1587605868187100,23994,1587605868186988,9920156,24,2385,SZ,09:37:03.000,101652382,969272846.52,9.46,0,9.45,9.44,9.43,9.42,9.41,42800,11000,221100,158700,203550,9.46,9.47,9.48,9.49,9.5,7300,222500,66300,80700,302000,9.6,45071
09:37:51.153768,1587605871154507,23994,1587605871154463,9959846,24,2385,SZ,09:37:06.000,102036382,972906030.52,9.46,0,9.44,9.43,9.42,9.41,9.4,49600,232500,158700,202550,986800,9.45,9.46,9.47,9.48,9.49,4200,34200,117800,61400,80700,9.6,45228
09:37:54.167768,1587605874168582,23994,1587605874168550,9999603,24,2385,SZ,09:37:09.000,102261582,975033823.52,9.45,0,9.44,9.43,9.42,9.41,9.4,87800,234300,165200,202750,992800,9.45,9.46,9.47,9.48,9.49,24800,26500,117600,73400,27900,9.6,45370
09:37:57.157768,1587605877158791,23994,1587605877158650,10038951,24,2385,SZ,09:37:12.000,103302332,984845925.02,9.44,0,9.44,9.43,9.42,9.41,9.4,174700,3400,93900,6300,1024800,9.45,9.46,9.47,9.48,9.49,57800,55600,119200,73400,27900,9.6,45837
09:38:00.150768,1587605880151079,23994,1587605880150895,10078197,24,2385,SZ,09:37:15.000,103802432,989573582.02,9.45,0,9.45,9.44,9.43,9.42,9.41,94600,125500,13400,3200,26300,9.46,9.47,9.48,9.49,9.5,1000,18800,83500,28300,319700,9.6,46013
09:38:03.155768,1587605883156867,23994,1587605883156807,10116732,24,2385,SZ,09:37:18.000,104183832,993177454.02,9.45,0,9.45,9.44,9.43,9.42,9.41,7500,47300,17400,3900,51500,9.47,9.48,9.49,9.5,9.51,16100,83500,46900,322700,163400,9.6,46151
09:38:06.151768,1587605886152263,23994,1587605886152087,10155876,24,2385,SZ,09:37:21.000,104327632,994536641.02,9.46,0,9.45,9.44,9.43,9.42,9.41,49500,75700,19900,7900,325100,9.46,9.47,9.48,9.49,9.5,57800,25500,82100,54200,338300,9.6,46248
09:38:09.152768,1587605889153836,23994,1587605889153748,10193714,24,2385,SZ,09:37:24.000,104658132,997661564.02,9.46,0,9.45,9.44,9.43,9.42,9.41,40000,99500,22000,10300,325600,9.46,9.47,9.48,9.49,9.5,9800,41200,43100,59300,361900,9.6,46391
09:38:12.125768,1587605892126263,23994,1587605892126236,10231571,24,2290,SZ,09:37:27.000,18200,94027.0,5.18,0,5.13,5.12,5.11,5.1,5.09,4000,11500,10200,17700,10600,5.18,5.19,5.2,5.21,5.22,1000,2100,2300,2800,5900,5.12,11
09:38:12.158768,1587605892159575,23994,1587605892159523,10232123,24,2385,SZ,09:37:27.000,104832132,999307878.02,9.47,0,9.46,9.45,9.44,9.43,9.42,88700,104100,104800,34900,86800,9.47,9.48,9.49,9.5,9.51,52650,42800,59400,366200,167900,9.6,46480
09:38:15.107768,1587605895108292,23994,1587605895108249,10269819,24,2290,SZ,09:37:30.000,18200,94027.0,5.18,0,5.13,5.12,5.11,5.1,5.09,4000,11500,10200,17700,10600,5.18,5.19,5.2,5.21,5.22,1000,2100,2300,1800,5900,5.12,11
09:38:15.154768,1587605895155579,23994,1587605895155563,10270531,24,2385,SZ,09:37:30.000,105046279,1001335050.17,9.48,0,9.48,9.46,9.45,9.44,9.43,20350,25400,126403,142800,36400,9.49,9.5,9.51,9.52,9.53,59400,378500,177900,60800,17400,9.6,46616
09:38:18.163768,1587605898164582,23994,1587605898164379,10309754,24,2385,SZ,09:37:33.000,105217279,1002957136.17,9.47,0,9.47,9.46,9.45,9.44,9.43,29900,114350,158103,150800,37600,9.49,9.5,9.51,9.52,9.53,400,365100,177900,60800,17400,9.6,46703
09:38:21.146768,1587605901147421,23994,1587605901147187,10347448,24,2385,SZ,09:37:36.000,105354979,1004264129.17,9.5,0,9.49,9.48,9.47,9.46,9.45,13900,7400,30800,128950,174103,9.5,9.51,9.52,9.53,9.54,305500,177900,59800,17400,95800,9.6,46760
09:38:24.121768,1587605904122453,23994,1587605904122356,10384106,24,2290,SZ,09:37:39.000,18200,94027.0,5.18,0,5.13,5.12,5.11,5.1,5.09,4000,11500,10200,17700,10600,5.18,5.19,5.2,5.21,5.22,1000,2100,2300,1800,5900,5.12,11
09:38:24.165768,1587605904166472,23994,1587605904166436,10384781,24,2385,SZ,09:37:39.000,105738679,1007909174.17,9.5,0,9.5,9.49,9.48,9.47,9.46,401500,84200,34700,77100,110850,9.51,9.52,9.53,9.54,9.55,150300,59800,32400,99500,235900,9.6,46919
09:38:27.153768,1587605907154228,23994,1587605907154170,10421540,24,2385,SZ,09:37:42.000,106208729,1012384848.17,9.55,0,9.5,9.49,9.48,9.47,9.46,378300,127200,30300,100400,110750,9.55,9.56,9.57,9.58,9.59,211000,138250,76000,82800,118600,9.6,47068
09:38:30.141768,1587605910142769,23994,1587605910142696,10457009,24,2385,SZ,09:37:45.000,106477729,1014946159.17,9.52,0,9.52,9.51,9.5,9.49,9.48,1400,42700,385700,129300,33300,9.55,9.56,9.57,9.58,9.59,190900,138850,71000,82800,118600,9.6,47159
09:38:33.148768,1587605913149335,23994,1587605913149262,10494414,24,2385,SZ,09:37:48.000,106592129,1016036155.17,9.54,0,9.52,9.51,9.5,9.49,9.48,200000,91000,431300,166300,34100,9.54,9.55,9.56,9.57,9.58,21900,155800,138850,71000,85800,9.6,47218
09:38:36.156768,1587605916157154,23994,1587605916157120,10531008,24,2385,SZ,09:37:51.000,106846529,1018460714.17,9.54,0,9.52,9.51,9.5,9.49,9.48,1800,43000,384800,163400,16600,9.54,9.55,9.56,9.57,9.58,2600,137000,138850,71500,85800,9.6,47359
09:38:39.154768,1587605919155270,23994,1587605919155124,10567037,24,2385,SZ,09:37:54.000,107075229,1020642143.17,9.55,0,9.54,9.53,9.52,9.51,9.5,12200,10300,5300,54700,403500,9.55,9.56,9.57,9.58,9.59,99800,139850,71500,85800,122700,9.6,47510
09:38:42.154768,1587605922155522,23994,1587605922155474,10602751,24,2385,SZ,09:37:57.000,107861829,1028144412.17,9.52,0,9.51,9.5,9.49,9.48,9.47,38700,404700,147300,19600,72700,9.52,9.55,9.56,9.57,9.58,98900,28300,136450,71500,86500,9.6,47754
09:38:45.145768,1587605925146632,23994,1587605925146321,10640164,24,2385,SZ,09:38:00.000,108274129,1032071980.17,9.52,0,9.5,9.49,9.48,9.47,9.46,404900,143800,34600,73200,127500,9.52,9.53,9.54,9.55,9.56,5100,171000,40400,62800,138850,9.6,47929
09:38:48.182768,1587605928183372,23994,1587605928183224,10677877,24,2385,SZ,09:38:03.000,108553629,1034732822.17,9.5,0,9.5,9.49,9.48,9.47,9.46,396400,141600,34600,80300,130200,9.52,9.53,9.54,9.55,9.56,100300,167600,171400,121600,137750,9.6,48088
09:38:51.150768,1587605931151775,23994,1587605931151590,10715892,24,2385,SZ,09:38:06.000,109671929,1045363464.17,9.49,0,9.49,9.48,9.47,9.46,9.45,133700,36400,80400,130500,269803,9.5,9.51,9.52,9.53,9.54,206400,25000,25600,80500,174000,9.6,48341
09:38:54.153768,1587605934154168,23994,1587605934154024,10752500,24,2385,SZ,09:38:09.000,110054329,1048995321.17,9.51,0,9.49,9.48,9.47,9.46,9.45,4200,39100,84400,131600,275503,9.51,9.52,9.53,9.54,9.55,14900,15700,102700,175300,153000,9.6,48471
09:38:57.155768,1587605937156258,23994,1587605937156077,10789685,24,2385,SZ,09:38:12.000,110334729,1051655455.17,9.49,0,9.48,9.47,9.46,9.45,9.44,12900,64000,138700,284503,153100,9.49,9.5,9.51,9.52,9.53,183300,43200,82700,38100,56500,9.6,48601
09:39:00.156768,1587605940157313,23994,1587605940157289,10827927,24,2385,SZ,09:38:15.000,110534329,1053548200.17,9.49,0,9.48,9.47,9.46,9.45,9.44,2200,36600,146900,297103,146900,9.49,9.5,9.51,9.52,9.53,127100,347100,95600,121300,56500,9.6,48713
09:39:03.155768,1587605943156259,23994,1587605943156104,10864974,24,2385,SZ,09:38:18.000,110763029,1055716346.17,9.48,0,9.47,9.46,9.45,9.44,9.43,19700,149500,307203,147200,35300,9.48,9.49,9.5,9.51,9.52,68600,112600,357700,109300,124000,9.6,48816
09:39:06.117768,1587605946118693,23994,1587605946118678,10901099,24,2290,SZ,09:38:21.000,18200,94027.0,5.18,0,5.13,5.12,5.11,5.1,5.09,5600,11500,10200,17700,10600,5.18,5.19,5.2,5.21,5.22,1000,2100,2300,1800,5900,5.12,11
09:39:06.142768,1587605946142931,23994,1587605946142849,10901525,24,2385,SZ,09:38:21.000,110932429,1057321074.17,9.47,0,9.46,9.45,9.44,9.43,9.42,126900,355303,114800,35300,57300,9.47,9.48,9.49,9.5,9.51,2200,341200,113300,364100,111400,9.6,48942
09:39:09.114768,1587605949115879,23994,1587605949115654,10937766,24,2290,SZ,09:38:24.000,18200,94027.0,5.18,0,5.13,5.12,5.11,5.1,5.09,5600,6500,10200,17700,10600,5.18,5.19,5.2,5.21,5.22,1000,2100,2300,1800,5900,5.12,11
09:39:09.155768,1587605949156188,23994,1587605949156167,10938417,24,2385,SZ,09:38:24.000,111020729,1058157205.17,9.47,0,9.46,9.45,9.44,9.43,9.42,122800,358103,115700,41600,57600,9.47,9.48,9.49,9.5,9.51,19900,341900,104800,366300,110100,9.6,49004
09:39:12.154768,1587605952155577,23994,1587605952155491,10974706,24,2385,SZ,09:38:27.000,111671532,1064311779.52,9.44,0,9.44,9.43,9.42,9.41,9.4,116300,42200,59200,114100,1203400,9.45,9.46,9.47,9.48,9.49,488597,2200,17500,319700,117700,9.6,49361
09:39:15.138768,1587605955139687,23994,1587605955139638,11009760,24,2385,SZ,09:38:30.000,111983532,1067258962.52,9.44,0,9.43,9.42,9.41,9.4,9.39,42200,91100,115600,1214500,112500,9.44,9.45,9.46,9.47,9.48,390000,298297,56400,34800,322600,9.6,49550
09:39:18.147768,1587605958148291,23994,1587605958148189,11046983,24,2385,SZ,09:38:33.000,112501232,1072146020.52,9.45,0,9.44,9.43,9.42,9.41,9.4,128800,41900,91100,276100,1217800,9.45,9.46,9.47,9.48,9.49,276297,59600,23400,306000,118500,9.6,49663
09:39:21.147768,1587605961148051,23994,1587605961147932,11083845,24,2385,SZ,09:38:36.000,113123329,1078022396.2,9.44,0,9.45,9.44,9.43,9.42,9.41,15203,400,31800,93300,282400,9.46,9.47,9.48,9.49,9.5,48300,19800,296700,101500,380700,9.6,49827
09:39:24.145768,1587605964145982,23994,1587605964145771,11119710,24,2385,SZ,09:38:39.000,113245229,1079175141.23,9.44,0,9.45,9.44,9.43,9.42,9.41,100,63603,48500,106800,300400,9.48,9.49,9.5,9.51,9.52,263300,88600,381300,117700,123300,9.6,49946
09:39:27.160768,1587605967161801,23994,1587605967161707,11156235,24,2385,SZ,09:38:42.000,113513729,1081712364.23,9.45,0,9.45,9.44,9.43,9.42,9.41,48900,85203,53200,113800,296900,9.48,9.49,9.5,9.51,9.52,230800,88700,394800,114800,122600,9.6,50084
09:39:30.156768,1587605970157353,23994,1587605970157291,11191805,24,2385,SZ,09:38:45.000,113633729,1082847276.23,9.45,0,9.45,9.44,9.43,9.42,9.41,96700,156603,74600,316700,298200,9.46,9.47,9.48,9.49,9.5,500,75400,232100,88700,405200,9.6,50162
09:39:33.160768,1587605973161181,23994,1587605973161130,11226716,24,2385,SZ,09:38:48.000,113723329,1083694480.23,9.47,0,9.46,9.45,9.44,9.43,9.42,11300,104900,198503,80800,322100,9.47,9.48,9.49,9.5,9.51,59700,233900,89800,420950,105400,9.6,50239
09:39:36.166768,1587605976167396,23994,1587605976167351,11262203,24,2385,SZ,09:38:51.000,113944929,1085788977.23,9.47,0,9.46,9.45,9.44,9.43,9.42,11300,3700,218903,88300,325500,9.47,9.48,9.49,9.5,9.51,56400,233900,89800,437950,104700,9.6,50377
09:39:39.155768,1587605979155948,23994,1587605979155832,11296014,24,2385,SZ,09:38:54.000,114162729,1087847794.23,9.47,0,9.46,9.45,9.44,9.43,9.42,2000,57900,133103,195700,324500,9.47,9.48,9.49,9.5,9.51,28400,241700,92600,444250,106200,9.6,50486
09:39:42.151768,1587605982152579,23994,1587605982152476,11330541,24,2385,SZ,09:38:57.000,114275829,1088918376.23,9.47,0,9.47,9.46,9.45,9.44,9.43,4300,83100,138200,152503,203900,9.48,9.49,9.5,9.51,9.52,239300,92600,449850,106000,75100,9.6,50594
09:39:45.158768,1587605985159812,23994,1587605985159798,11366289,24,2385,SZ,09:39:00.000,114408229,1090172415.23,9.47,0,9.47,9.46,9.45,9.44,9.43,5400,121700,171900,157403,200900,9.48,9.49,9.5,9.51,9.52,204100,99600,450650,106500,75100,9.6,50686
09:39:48.192768,1587605988192948,23994,1587605988192872,11403133,24,2385,SZ,09:39:03.000,114557629,1091587024.23,9.47,0,9.47,9.46,9.45,9.44,9.43,1000,113900,129700,174203,230400,9.48,9.49,9.5,9.51,9.52,190500,94600,451350,106500,74000,9.6,50776
09:39:51.128768,1587605991128945,23994,1587605991128895,11439545,24,2290,SZ,09:39:06.000,21300,110106.0,5.19,0,5.19,5.13,5.12,5.11,5.1,25900,5600,6500,10200,17700,5.2,5.21,5.22,5.23,5.25,2300,1800,5900,18852,5500,5.12,14
09:39:51.163768,1587605991164248,23994,1587605991164213,11440082,24,2385,SZ,09:39:06.000,114757829,1093484015.23,9.48,0,9.47,9.46,9.45,9.44,9.43,118700,130500,159900,168403,232400,9.48,9.49,9.5,9.51,9.52,90500,94500,449150,106500,73600,9.6,50866
09:39:54.152768,1587605994153850,23994,1587605994153718,11475683,24,2385,SZ,09:39:09.000,114907429,1094901682.23,9.48,0,9.48,9.47,9.46,9.45,9.44,12400,151800,142300,212900,168603,9.49,9.5,9.51,9.52,9.53,97600,457750,108500,73600,61500,9.6,50955
09:39:57.121768,1587605997121958,23994,1587605997121769,11510523,24,2290,SZ,09:39:12.000,21300,110106.0,5.19,0,5.19,5.13,5.12,5.11,5.1,25900,5600,6500,10200,17700,5.2,5.21,5.22,5.23,5.25,2300,1800,5900,18852,5500,5.12,14
09:39:57.168768,1587605997169134,23994,1587605997169026,11511230,24,2385,SZ,09:39:12.000,115116229,1096880862.23,9.48,0,9.47,9.46,9.45,9.44,9.43,205100,139600,229700,172103,212600,9.48,9.49,9.5,9.51,9.52,23400,62400,462250,108500,73600,9.6,51042
09:40:00.159768,1587606000160732,23994,1587606000160715,11546127,24,2385,SZ,09:39:15.000,115178129,1097467678.23,9.49,0,0.0,0.0,0.0,0.0,0.0,0,0,0,0,0,0.0,0.0,0.0,0.0,0.0,0,0,0,0,0,9.6,51106
09:40:03.118768,1587606003119604,23994,1587606003119553,11579821,24,2290,SZ,09:39:18.000,21300,110106.0,5.19,0,0.0,0.0,0.0,0.0,0.0,0,0,0,0,0,0.0,0.0,0.0,0.0,0.0,0,0,0,0,0,5.12,14
09:40:03.154768,1587606003154947,23994,1587606003154873,11580291,24,2385,SZ,09:39:18.000,115280829,1098441891.23,9.49,0,0.0,0.0,0.0,0.0,0.0,0,0,0,0,0,0.0,0.0,0.0,0.0,0.0,0,0,0,0,0,9.6,51182
09:40:06.159768,1587606006160887,23994,1587606006160807,11614507,24,2385,SZ,09:39:21.000,115387929,1099458451.23,9.49,0,0.0,0.0,0.0,0.0,0.0,0,0,0,0,0,0.0,0.0,0.0,0.0,0.0,0,0,0,0,0,9.6,51253
09:40:09.153768,1587606009154361,23994,1587606009154211,11648691,24,2385,SZ,09:39:24.000,115959529,1104887351.23,9.49,0,0.0,0.0,0.0,0.0,0.0,0,0,0,0,0,0.0,0.0,0.0,0.0,0.0,0,0,0,0,0,9.6,51440
09:40:12.163768,1587606012164886,23994,1587606012164868,11683221,24,2385,SZ,09:39:27.000,116070929,1105946168.23,9.5,0,0.0,0.0,0.0,0.0,0.0,0,0,0,0,0,0.0,0.0,0.0,0.0,0.0,0,0,0,0,0,9.6,51494
09:40:15.150768,1587606015151188,23994,1587606015151138,11717299,24,2385,SZ,09:39:30.000,116160829,1106800459.23,9.5,0,0.0,0.0,0.0,0.0,0.0,0,0,0,0,0,0.0,0.0,0.0,0.0,0.0,0,0,0,0,0,9.6,51587
09:40:18.162767,1587606018162998,23994,1587606018162916,11751726,24,2385,SZ,09:39:33.000,116264929,1107790810.23,9.5,0,0.0,0.0,0.0,0.0,0.0,0,0,0,0,0,0.0,0.0,0.0,0.0,0.0,0,0,0,0,0,9.6,51661
09:40:21.157767,1587606021158445,23994,1587606021158212,11785834,24,2385,SZ,09:39:36.000,116510029,1110123152.23,9.51,0,0.0,0.0,0.0,0.0,0.0,0,0,0,0,0,0.0,0.0,0.0,0.0,0.0,0,0,0,0,0,9.6,51741
09:40:24.152767,1587606024153873,23994,1587606024153809,11821185,24,2385,SZ,09:39:39.000,116701179,1111942289.73,9.51,0,0.0,0.0,0.0,0.0,0.0,0,0,0,0,0,0.0,0.0,0.0,0.0,0.0,0,0,0,0,0,9.6,51803
09:40:27.154767,1587606027155748,23994,1587606027155733,11855329,24,2385,SZ,09:39:42.000,117145779,1116174141.73,9.52,0,0.0,0.0,0.0,0.0,0.0,0,0,0,0,0,0.0,0.0,0.0,0.0,0.0,0,0,0,0,0,9.6,51925
09:40:30.119767,1587606030120649,23994,1587606030120627,11889255,24,2290,SZ,09:39:45.000,21300,110106.0,5.19,0,0.0,0.0,0.0,0.0,0.0,0,0,0,0,0,0.0,0.0,0.0,0.0,0.0,0,0,0,0,0,5.12,14
09:40:30.154767,1587606030155124,23994,1587606030155043,11889810,24,2385,SZ,09:39:45.000,117564779,1120161150.73,9.52,0,0.0,0.0,0.0,0.0,0.0,0,0,0,0,0,0.0,0.0,0.0,0.0,0.0,0,0,0,0,0,9.6,52085
09:40:33.161767,1587606033161967,23994,1587606033161933,11922596,24,2385,SZ,09:39:48.000,118129329,1125528989.23,9.51,0,0.0,0.0,0.0,0.0,0.0,0,0,0,0,0,0.0,0.0,0.0,0.0,0.0,0,0,0,0,0,9.6,52244
09:40:36.166767,1587606036167114,23994,1587606036167023,11956420,24,2385,SZ,09:39:51.000,118494129,1129000025.23,9.51,0,0.0,0.0,0.0,0.0,0.0,0,0,0,0,0,0.0,0.0,0.0,0.0,0.0,0,0,0,0,0,9.6,52386
09:40:39.165767,1587606039165981,23994,1587606039165920,11990188,24,2385,SZ,09:39:54.000,118792929,1131843129.23,9.52,0,0.0,0.0,0.0,0.0,0.0,0,0,0,0,0,0.0,0.0,0.0,0.0,0.0,0,0,0,0,0,9.6,52480
09:40:42.117767,1587606042118627,23994,1587606042118547,12024750,24,2290,SZ,09:39:57.000,21300,110106.0,5.19,0,0.0,0.0,0.0,0.0,0.0,0,0,0,0,0,0.0,0.0,0.0,0.0,0.0,0,0,0,0,0,5.12,14
09:40:42.162767,1587606042163802,23994,1587606042163708,12025426,24,2385,SZ,09:39:57.000,119399229,1137608257.23,9.52,0,0.0,0.0,0.0,0.0,0.0,0,0,0,0,0,0.0,0.0,0.0,0.0,0.0,0,0,0,0,0,9.6,52664
09:40:45.124767,1587606045125857,23994,1587606045125774,12067487,24,2290,SZ,09:40:00.000,21300,110106.0,5.19,0,0.0,0.0,0.0,0.0,0.0,0,0,0,0,0,0.0,0.0,0.0,0.0,0.0,0,0,0,0,0,5.12,14
09:40:45.148767,1587606045149382,23994,1587606045149073,12067971,24,2385,SZ,09:40:00.000,119869029,1142074594.73,9.5,0,0.0,0.0,0.0,0.0,0.0,0,0,0,0,0,0.0,0.0,0.0,0.0,0.0,0,0,0,0,0,9.6,52871
09:40:48.184767,1587606048185681,23994,1587606048185487,12116070,24,2385,SZ,09:40:03.000,121004129,1152851223.73,9.49,0,0.0,0.0,0.0,0.0,0.0,0,0,0,0,0,0.0,0.0,0.0,0.0,0.0,0,0,0,0,0,9.6,53232
09:40:51.129767,1587606051130754,23994,1587606051130694,12160800,24,2290,SZ,09:40:06.000,21300,110106.0,5.19,0,0.0,0.0,0.0,0.0,0.0,0,0,0,0,0,0.0,0.0,0.0,0.0,0.0,0,0,0,0,0,5.12,14
09:40:51.164767,1587606051165130,23994,1587606051164999,12161478,24,2385,SZ,09:40:06.000,121230328,1154998189.23,9.51,0,0.0,0.0,0.0,0.0,0.0,0,0,0,0,0,0.0,0.0,0.0,0.0,0.0,0,0,0,0,0,9.6,53354
09:40:54.159767,1587606054160779,23994,1587606054160756,12204305,24,2385,SZ,09:40:09.000,121363728,1156265600.24,9.51,0,0.0,0.0,0.0,0.0,0.0,0,0,0,0,0,0.0,0.0,0.0,0.0,0.0,0,0,0,0,0,9.6,53430
09:40:57.179767,1587606057180617,23994,1587606057180581,12250088,24,2385,SZ,09:40:12.000,121598228,1158491721.25,9.5,0,0.0,0.0,0.0,0.0,0.0,0,0,0,0,0,0.0,0.0,0.0,0.0,0.0,0,0,0,0,0,9.6,53506
09:41:00.123767,1587606060124911,23994,1587606060124836,12293350,24,2290,SZ,09:40:15.000,42500,220134.0,5.19,0,0.0,0.0,0.0,0.0,0.0,0,0,0,0,0,0.0,0.0,0.0,0.0,0.0,0,0,0,0,0,5.12,15
09:41:00.162767,1587606060163685,23994,1587606060163609,12293945,24,2385,SZ,09:40:15.000,121913829,1161487119.75,9.5,0,0.0,0.0,0.0,0.0,0.0,0,0,0,0,0,0.0,0.0,0.0,0.0,0.0,0,0,0,0,0,9.6,53634
09:41:03.126767,1587606063127838,23994,1587606063127773,12338559,24,2290,SZ,09:40:18.000,42500,220134.0,5.19,0,0.0,0.0,0.0,0.0,0.0,0,0,0,0,0,0.0,0.0,0.0,0.0,0.0,0,0,0,0,0,5.12,15
09:41:03.160767,1587606063161217,23994,1587606063161091,12339117,24,2385,SZ,09:40:18.000,122108729,1163337481.75,9.48,0,0.0,0.0,0.0,0.0,0.0,0,0,0,0,0,0.0,0.0,0.0,0.0,0.0,0,0,0,0,0,9.6,53729
09:41:06.170767,1587606066171216,23994,1587606066171143,12381767,24,2385,SZ,09:40:21.000,122359129,1165712216.75,9.49,0,0.0,0.0,0.0,0.0,0.0,0,0,0,0,0,0.0,0.0,0.0,0.0,0.0,0,0,0,0,0,9.6,53871
09:41:09.165767,1587606069166396,23994,1587606069166275,12422795,24,2385,SZ,09:40:24.000,122578029,1167789350.75,9.49,0,0.0,0.0,0.0,0.0,0.0,0,0,0,0,0,0.0,0.0,0.0,0.0,0.0,0,0,0,0,0,9.6,53959
09:41:12.118767,1587606072119717,23994,1587606072119655,12461995,24,2290,SZ,09:40:27.000,42500,220134.0,5.19,0,0.0,0.0,0.0,0.0,0.0,0,0,0,0,0,0.0,0.0,0.0,0.0,0.0,0,0,0,0,0,5.12,15
09:41:12.160767,1587606072161172,23994,1587606072161114,12462757,24,2385,SZ,09:40:27.000,122768529,1169596121.75,9.5,0,0.0,0.0,0.0,0.0,0.0,0,0,0,0,0,0.0,0.0,0.0,0.0,0.0,0,0,0,0,0,9.6,54054
09:41:15.165767,1587606075166429,23994,1587606075166315,12504479,24,2385,SZ,09:40:30.000,122862629,1170489360.75,9.5,0,0.0,0.0,0.0,0.0,0.0,0,0,0,0,0,0.0,0.0,0.0,0.0,0.0,0,0,0,0,0,9.6,54135
09:41:18.122767,1587606078123617,23994,1587606078123506,12545439,24,2290,SZ,09:40:33.000,42500,220134.0,5.19,0,0.0,0.0,0.0,0.0,0.0,0,0,0,0,0,0.0,0.0,0.0,0.0,0.0,0,0,0,0,0,5.12,15
09:41:18.168767,1587606078168953,23994,1587606078168929,12546222,24,2385,SZ,09:40:33.000,123145728,1173178347.26,9.51,0,0.0,0.0,0.0,0.0,0.0,0,0,0,0,0,0.0,0.0,0.0,0.0,0.0,0,0,0,0,0,9.6,54336
09:41:21.121767,1587606081122619,23994,1587606081122579,12585409,24,2290,SZ,09:40:36.000,42500,220134.0,5.19,0,0.0,0.0,0.0,0.0,0.0,0,0,0,0,0,0.0,0.0,0.0,0.0,0.0,0,0,0,0,0,5.12,15
09:41:21.157767,1587606081158175,23994,1587606081158059,12585958,24,2385,SZ,09:40:36.000,123275528,1174411979.26,9.5,0,0.0,0.0,0.0,0.0,0.0,0,0,0,0,0,0.0,0.0,0.0,0.0,0.0,0,0,0,0,0,9.6,54405
09:41:24.119767,1587606084120439,23994,1587606084120401,12624093,24,2290,SZ,09:40:39.000,47000,243489.0,5.19,0,0.0,0.0,0.0,0.0,0.0,0,0,0,0,0,0.0,0.0,0.0,0.0,0.0,0,0,0,0,0,5.12,16
09:41:24.155767,1587606084155935,23994,1587606084155873,12624689,24,2385,SZ,09:40:39.000,123618128,1177670679.26,9.52,0,0.0,0.0,0.0,0.0,0.0,0,0,0,0,0,0.0,0.0,0.0,0.0,0.0,0,0,0,0,0,9.6,54535
09:41:27.159767,1587606087160125,23994,1587606087160096,12662112,24,2385,SZ,09:40:42.000,124066628,1181941672.26,9.53,0,0.0,0.0,0.0,0.0,0.0,0,0,0,0,0,0.0,0.0,0.0,0.0,0.0,0,0,0,0,0,9.6,54741
09:41:30.113767,1587606090114432,23994,1587606090114342,12698010,24,2290,SZ,09:40:45.000,47000,243489.0,5.19,0,0.0,0.0,0.0,0.0,0.0,0,0,0,0,0,0.0,0.0,0.0,0.0,0.0,0,0,0,0,0,5.12,16
09:41:30.149767,1587606090150808,23994,1587606090150620,12698576,24,2385,SZ,09:40:45.000,124539728,1186459167.76,9.54,0,0.0,0.0,0.0,0.0,0.0,0,0,0,0,0,0.0,0.0,0.0,0.0,0.0,0,0,0,0,0,9.6,55007
09:41:33.145767,1587606093146341,23994,1587606093146282,12736031,24,2385,SZ,09:40:48.000,124581228,1186855261.76,9.54,0,0.0,0.0,0.0,0.0,0.0,0,0,0,0,0,0.0,0.0,0.0,0.0,0.0,0,0,0,0,0,9.6,55048
09:41:36.166767,1587606096167312,23994,1587606096167152,12774357,24,2385,SZ,09:40:51.000,124774328,1188698398.76,9.55,0,0.0,0.0,0.0,0.0,0.0,0,0,0,0,0,0.0,0.0,0.0,0.0,0.0,0,0,0,0,0,9.6,55121
09:41:39.122767,1587606099123670,23994,1587606099123559,12812680,24,2290,SZ,09:40:54.000,47000,243489.0,5.19,0,0.0,0.0,0.0,0.0,0.0,0,0,0,0,0,0.0,0.0,0.0,0.0,0.0,0,0,0,0,0,5.12,16
09:41:39.160767,1587606099161082,23994,1587606099160996,12813257,24,2385,SZ,09:40:54.000,125151928,1192303697.76,9.55,0,0.0,0.0,0.0,0.0,0.0,0,0,0,0,0,0.0,0.0,0.0,0.0,0.0,0,0,0,0,0,9.6,55255
09:41:42.166767,1587606102167706,23994,1587606102167659,12851010,24,2385,SZ,09:40:57.000,125296028,1193679809.76,9.55,0,0.0,0.0,0.0,0.0,0.0,0,0,0,0,0,0.0,0.0,0.0,0.0,0.0,0,0,0,0,0,9.6,55344
09:41:45.162767,1587606105163496,23994,1587606105163424,12889220,24,2385,SZ,09:41:00.000,125537328,1195985311.76,9.56,0,0.0,0.0,0.0,0.0,0.0,0,0,0,0,0,0.0,0.0,0.0,0.0,0.0,0,0,0,0,0,9.6,55505
09:41:48.148767,1587606108149721,23994,1587606108149599,12927497,24,2290,SZ,09:41:03.000,47000,243489.0,5.19,0,0.0,0.0,0.0,0.0,0.0,0,0,0,0,0,0.0,0.0,0.0,0.0,0.0,0,0,0,0,0,5.12,16
09:41:48.195767,1587606108196048,23994,1587606108195968,12928311,24,2385,SZ,09:41:03.000,125726528,1197795458.76,9.57,0,0.0,0.0,0.0,0.0,0.0,0,0,0,0,0,0.0,0.0,0.0,0.0,0.0,0,0,0,0,0,9.6,55596
09:41:51.150767,1587606111151492,23994,1587606111151420,12964703,24,2385,SZ,09:41:06.000,126232228,1202636337.3,9.59,0,0.0,0.0,0.0,0.0,0.0,0,0,0,0,0,0.0,0.0,0.0,0.0,0.0,0,0,0,0,0,9.6,55781
